2035 3191
258 182 324 233 26
631 186 811 226 URBIS
852 185 1067 225 ROMAE
1108 187 1240 225 VIRI
1280 186 1622 228 INLUSTRES.

327 333 481 382 Nihil
507 348 657 396 agere
683 336 857 381 autem
883 347 998 381 cum
1024 332 1229 381 animus
1254 341 1356 381 non
1382 339 1569 396 posset,
1592 336 1914 384 existimavit

329 414 694 463 honestissime
731 413 999 462 molestias
1036 429 1185 476 posse
1213 414 1415 476 depeni,
1445 423 1488 463 si
1515 423 1567 463 se
1593 417 1658 464 ad
1693 416 1915 479 philoso-

328 496 507 559 phiam
556 495 862 555 rettulisset,
911 502 994 542 cui
1041 494 1346 543 adulescens
1394 495 1617 544 multum
1664 498 1913 559 temporis

328 577 598 637 tribuerat,
647 580 699 623 et
741 590 890 623 omne
939 575 1171 623 studium
1219 584 1496 638 curamque
1544 577 1800 625 convertit
1848 579 1914 625 ad

278 671 300 705 5
330 657 685 718 scribendum3
725 661 881 719 atque
928 660 988 703 ut
1036 656 1237 704 civibus
1285 657 1442 704 etiam
1482 657 1677 706 etiesus
1713 658 1914 721 aliquid

328 738 572 801 predesse
619 742 810 800 posset,
861 736 1159 797 elaberavit,
1209 741 1268 784 ut
1316 737 1572 785 doctiores
1620 737 1804 785 fierent
1862 743 1914 786 et

330 819 686 882 sapientieres,
713 818 965 882 pluraque
990 819 1136 866 brevi
1168 822 1398 881 tempore
1426 826 1603 866 eversa
1628 827 1681 866 re
1706 818 1916 881 publica

329 900 552 963 scripsit,
580 915 735 962 quam
772 899 953 947 multis
990 907 1142 948 annis
1167 907 1228 947 ea
1253 904 1424 947 stante
1465 904 1755 962 scripserat.
1831 900 1914 947 Sic

328 980 603 1029 facundiae
624 985 675 1028 et
688 981 1001 1028 'Latinarum
1021 980 1315 1028 litterarum
1336 988 1522 1042 parens
1539 980 1706 1028 evasit
1725 980 1915 1043 paruit-

255 1074 301 1110 10
328 1078 427 1125 que
466 1062 696 1110 virerum
747 1061 1062 1124 sapientium
1110 1065 1402 1124 praecepte,
1443 1069 1532 1122 qui
1579 1061 1766 1108 docent
1811 1068 1915 1108 nen

329 1143 495 1192 selum
533 1159 596 1190 ex
632 1142 783 1190 malis
832 1142 1022 1204 eligere
1064 1141 1282 1189 minima
1330 1146 1580 1204 oportere,
1621 1141 1711 1189 sed
1758 1141 1914 1190 etiam

327 1239 600 1287 excerpere
627 1239 691 1271 ex
715 1223 798 1271 his
823 1223 969 1286 ipsis,
999 1230 1043 1270 si
1068 1222 1196 1285 quid
1223 1221 1350 1271 insit
1377 1222 1511 1270 boni.

1011 1438 1206 1479 Oz’cero’s
1245 1438 1298 1479 W
1298 1440 1341 1479 ic.

393 1564 566 1612 Multa
589 1568 798 1612 exstant
823 1563 990 1611 facete
1027 1563 1091 1610 ab
1128 1570 1188 1610 ee
1224 1562 1375 1611 dicta.
1451 1563 1579 1612 Cum
1617 1563 1912 1624 Lentulum,

328 1660 569 1707 generum
622 1661 785 1705 suum,
830 1643 1047 1705 exiguae
1096 1647 1325 1691 staturae
1374 1644 1651 1704 hominem,
1698 1644 1914 1692 vidisset

255 1741 298 1777 15
326 1726 479 1789 longo
527 1726 702 1787 gladie
750 1725 1065 1773 accinctum:
1120 1723 1341 1784 “Quisss
1391 1724 1577 1787 inquit,
1623 1730 1912 1785 “generum

326 1823 494 1855 meum
541 1807 606 1854 ad
643 1806 875 1867 gladium
925 1805 1616 1866 adligavit?⁷’—Matrena
1659 1805 1911 1867 quaedam

327 1887 582 1935 iunierem
609 1895 661 1934 se
687 1902 843 1949 quam
870 1890 981 1933 erat
1018 1885 1285 1945 simulans,
1314 1885 1590 1933 dictitabat
1617 1893 1669 1932 se
1694 1886 1914 1947 triginta

326 1973 530 2016 tantum
568 1975 729 2015 annes
768 1967 987 2014 habere:
1027 1966 1110 2013 cui
1159 1965 1349 2026 Cicere,
1390 1967 1627 2015 “Verum
1671 1968 1798 2026 est,⁷⁷
1842 1968 1913 2014 in-

326 2049 455 2112 quit,
485 2053 512 2077 ‘⁴
529 2064 649 2096 nam
677 2048 773 2096 hec
799 2048 990 2108 viginti
1026 2054 1188 2094 annes
1214 2047 1416 2094 audio.”
1435 2077 1499 2081 —
1516 2048 1720 2107 Caesar,
1748 2047 1912 2095 altere

253 2144 300 2179 20
325 2129 535 2177 censule
560 2133 763 2176 mortue
800 2128 884 2175 die
920 2127 1221 2176 Decembris
1257 2127 1457 2188 ultima,
1486 2127 1763 2177 Caninium
1801 2136 1912 2176 con-

327 2211 490 2258 sulem
528 2210 655 2258 hera
681 2209 904 2272 septima
928 2209 983 2256 in
1008 2209 1264 2272 reliquam
1301 2209 1405 2256 diei
1430 2214 1629 2271 partem
1656 2209 1913 2257 renuntia-

326 2296 486 2352 verat,
526 2306 681 2353 quem
722 2306 838 2337 cum
878 2290 1114 2353 plerique
1157 2295 1293 2338 irent
1332 2290 1615 2338 salutatum
1655 2290 1717 2338 de
1756 2298 1909 2349 mere,

327 2376 355 2399 “
372 2371 753 2432 Festinemus‚'⁷
782 2371 955 2433 inquit
981 2371 1175 2431 Cicere,
1205 2370 1553 2433 “priusquam
1579 2371 1730 2418 abeat
1755 2370 1911 2431 magi-

327 2453 542 2500 stratu.⁷⁷
615 2452 694 2499 De
743 2452 922 2499 eedem
971 2451 1191 2499 Caninie
1240 2450 1450 2513 scripsit
1498 2450 1701 2499 Cicere:
1744 2450 1912 2498 “Fuit

250 2548 298 2583 25
326 2533 545 2581 mirifica
589 2531 869 2593 vigilantia
911 2530 1174 2591 Caninius,
1215 2538 1305 2594 qui
1341 2535 1452 2579 toto
1501 2538 1593 2579 sue
1634 2531 1909 2580 censulatu

327 2630 559 2662 somnum
587 2621 689 2661 nen
716 2612 956 2659 viderit.'⁷
