2035 3191
578 171 759 211 GAIUS
801 172 1004 212 IULIFs
1047 172 1300 213 CAESAR.
1749 173 1811 223 ]3

156 320 378 367 ferecem
404 318 544 366 intra
568 323 807 381 quintum
836 319 899 366 ab
925 319 1154 366 adventu
1181 320 1334 380 diem,
1353 326 1611 384 quattuor,
1635 324 1740 385 qui-

155 400 249 447 bus
289 399 342 446 in
387 404 717 462 conspectum
761 400 920 460 venit,
964 400 1107 448 heris
1148 408 1251 447 11113
1293 401 1590 463 profligavit
1632 404 1739 451 acie

154 488 296 529 mere
332 479 571 528 fulminis
620 481 758 544 quod
799 488 902 528 1111ὀ
945 481 1226 544 eedemque
1275 488 1536 531 momente
1579 484 1738 545 venit,

153 561 423 624 percussit,
459 561 722 610 abscessit.
795 562 905 609 Nec
948 570 1081 609 vana
1119 563 1181 609 de
1219 571 1272 610 se
1309 564 1625 626 praedicatio
1663 571 1741 613 est

154 642 404 703 Caesaris,
432 648 550 690 ante
577 642 771 689 victum
809 642 1011 690 hostem
1038 658 1148 691 esse
1176 659 1330 706 quam
1357 653 1538 693 visum.
1612 646 1741 693 Pon-
1791 660 1813 694 5

152 722 257 770 tice
294 728 474 786 postea
515 723 780 786 triumpho
823 724 982 771 trium
1021 724 1290 772 verborum
1333 725 1583 788 praetulit
1621 727 1741 774 titu-

135 803 288 850 ¹lum:
323 809 351 832 c<
367 805 515 864 Veni,
539 804 662 863 vidi,
686 804 836 852 vici.⁷⁷
908 805 1110 852 Deinde
1139 805 1433 868 Scipienem
1460 812 1511 854 et
1537 807 1736 869 Iubam,

153 884 433 932 Numidiae
483 893 668 946 regem,
719 885 966 948 reliquias
1028 886 1462 949 Pompeianarum
1511 889 1738 950 partium

153 964 207 1011 in
233 956 416 1013 Kfrica
440 966 748 1025 refoventes,
778 967 983 1013 devicit.

490 1201 593 1241 War
624 1202 669 1239 in
705 1199 843 1250 ›S'paz'n
876 1202 975 1240 wilh
1012 1202 1242 1252 Pompey's
1277 1203 1402 1243 JS'ons.

218 1330 481 1379 Victorem
530 1323 770 1379 Kfricani
808 1332 933 1379 belli
978 1333 1167 1381 Gaium
1216 1337 1487 1383 Caesarem
1531 1336 1738 1396 gravius
1767 1347 1813 1383 10

153 1411 357 1474 excepit
383 1412 749 1475 Hispaniense,
773 1414 911 1476 quod
938 1414 1026 1464 Cn.
1056 1415 1350 1477 Pompeius,
1373 1417 1555 1477 Magni
1574 1416 1735 1475 filius,

152 1492 456 1542 adulescens
482 1493 815 1554 fortissimus,
843 1494 1025 1555 ingens
1053 1503 1110 1542 ac
1135 1495 1369 1544 terribile
1407 1496 1736 1554 conflaverat,

152 1573 381 1636 undique
418 1575 484 1622 ad
519 1590 635 1622 eum
667 1575 877 1622 auxiliis
915 1580 1120 1638 paterni
1157 1577 1384 1625 neminis
1428 1578 1740 1639 magnitudi-

152 1670 269 1701 nem
331 1656 659 1718 sequentium
706 1671 769 1703 ex
816 1660 925 1704 toto
974 1657 1094 1704 orbe
1145 1657 1536 1706 confluentibus.
1636 1660 1740 1707 Sua

153 1735 424 1783 Caesarem
471 1736 525 1783 in
574 1737 891 1799 Hispaniam
940 1737 1188 1785 comitata
1231 1738 1444 1786 fortuna
1492 1745 1597 1800 est3
1649 1740 1738 1787 sed
1767 1751 1812 1785 15

152 1816 353 1863 nullum
379 1833 624 1880 umquam
652 1818 876 1867 atrocius
904 1818 1349 1882 periculosiusque
1376 1820 1438 1867 ab
1465 1828 1523 1867 eo
1549 1821 1735 1868 initum

152 1897 419 1959 proelium,
448 1899 574 1946 adeo
611 1904 682 1960 ut,
710 1899 828 1962 plus
856 1914 1011 1962 quam
1052 1899 1209 1948 dubio
1248 1901 1432 1961 Marte,
1469 1902 1740 1949 descende-

127 1988 140 1996 ”
153 1983 231 2026 ret
256 1987 386 2042 equo
413 1979 803 2043 censistensque
830 1985 951 2029 ante
976 1980 1303 2029 recedentem
1331 1990 1539 2030 suorum
1561 1983 1737 2044 aciem,

152 2061 425 2122 increpans
452 2062 750 2122 Fortunam,
778 2062 915 2124 quod
942 2071 995 2110 se
1020 2062 1074 2109 in
1100 2077 1217 2110 eum
1244 2068 1500 2111 servasset
1526 2064 1738 2124 exitum,

155 2140 486 2189 denuntiaret
537 2142 793 2190 militibus
841 2143 1064 2204 vestigio
1118 2152 1172 2192 se
1224 2152 1328 2192 non
1388 2152 1738 2205 recessurum3
1768 2155 1816 2189 20

153 2221 367 2284 proinde
393 2222 631 2269 viderent
668 2239 819 2285 quem.
845 2228 896 2271 et
922 2232 1022 2286 que
1048 2224 1158 2273 loco
1184 2224 1550 2288 imperatorem
1577 2226 1742 2274 deser-

153 2306 260 2349 turi
284 2308 469 2351 essent.
543 2304 870 2352 Verecundia
906 2305 1071 2368 magis
1099 2322 1253 2368 quam
1280 2306 1477 2354 virtute
1509 2306 1642 2354 acies
1670 2323 1742 2354 re-

155 2383 341 2431 stituta
376 2389 467 2431 est.
543 2385 631 2432 Cn.
660 2385 938 2447 Pompeius
965 2386 1134 2434 Victus
1174 2392 1226 2434 et
1266 2387 1608 2450 interemptus
1646 2393 1737 2435 est.

156 2463 356 2524 Caesar,
384 2465 613 2513 omnium
655 2466 832 2526 victor,
872 2481 1134 2528 regressus
1176 2468 1229 2514 in
1269 2468 1463 2528 urbem,
1503 2468 1740 2516 omnibus

156 2552 245 2605 qui
285 2550 463 2593 contra
511 2554 563 2593 se
611 2561 754 2594 arma
800 2546 1031 2594 tulerant
1073 2548 1288 2609 ignovit,
1327 2554 1378 2596 et
1427 2549 1741 2612 quinquiens
1769 2557 1814 2591 25

156 2625 510 2687 triumphavit.
