2035 3191
122 185 189 237 24

496 188 676 228 URBIS
718 188 932 228 ROMAE
973 188 1107 227 VIBI
1148 187 1493 228 INLUSTRES.

194 336 371 385 visset.
448 336 668 384 Senatus
706 340 950 396 maestus,
979 339 1245 397 tamquam
1282 335 1337 382 in
1376 335 1585 399 publice
1622 334 1781 395 lucta,

196 422 339 466 veste
365 420 569 464 mutata
593 424 686 479 pre
708 424 766 465 eo
792 416 1179 479 deprecabatur.
1254 416 1447 477 (Dicere,
1469 431 1583 464 cum
1608 420 1784 479 posset

195 506 353 546 armis
391 497 613 546 salutem
663 512 807 545 suam
857 497 1154 557 defendere,
1192 496 1380 545 maluit
1426 497 1550 545 urbe
1587 497 1782 556 cedere,

197 595 350 641 quam
390 586 482 627 sua
517 585 672 627 causa
709 578 919 626 caedem
945 577 1072 625 fieri.
1145 577 1567 625 Proficiscentem
1607 584 1784 625 omnes

146 675 166 705 Γ,
196 660 317 707 boni
357 659 541 707 flentes
590 663 853 722 presecuti
902 664 1035 707 sunt.
1110 659 1245 705 Dein
1294 658 1508 707 Clodius
1556 658 1782 706 edictum

125 1076 169 1110 10

122 1732 166 1768 15

121 2134 168 2169 20

121 2534 167 2569 25

195 740 479 803 preposuit,
501 744 559 787 ut
585 740 763 788 Marce
788 739 964 787 Tullio
990 746 1100 800 igni
1125 743 1177 786 et
1201 746 1338 802 aqua
1357 738 1782 800 interdiceretur3

197 820 339 868 illius
367 821 574 868 domum
602 824 654 867 et
678 819 835 868 villas
874 819 1120 867 incendit.
1197 819 1298 868 Sed
1324 826 1404 867 vis
1430 819 1523 867 illa
1547 826 1652 868 nen
1678 819 1785 867 diu-

196 906 351 949 turna
387 902 519 961 fuit3
559 917 678 948 mox
727 900 865 948 enim
914 905 1055 948 totus
1092 900 1202 949 fere
1249 900 1472 964 populus
1519 900 1784 948 Romanus

196 983 397 1044 ingenti
423 982 682 1030 desiderie
719 981 985 1031 Cicerenis
1011 981 1239 1029 reditum
1264 980 1502 1043 flagitare
1527 981 1697 1045 coepit
1732 985 1785 1029 et

195 1063 422 1111 maxime
460 1063 690 1111 omnium
739 1063 978 1111 ordinum
1029 1062 1203 1110 studie
1252 1062 1431 1111 Cicere
1467 1062 1522 1109 in
1558 1062 1784 1125 patriam

195 1148 466 1192 revocatus
493 1148 584 1193 est.
659 1143 810 1191 Nihil
837 1159 929 1206 per
954 1147 1118 1192 totam
1144 1148 1308 1191 vitam
1335 1143 1572 1193 Ciceroni
1597 1143 1785 1191 itinere

196 1232 297 1287 que
332 1224 386 1272 in
424 1225 649 1287 patriam
687 1224 860 1285 rediit,
888 1224 1079 1272 accidit
1117 1223 1407 1272 iucundius.
1481 1223 1700 1273 Obviam
1738 1231 1785 1271 ei

196 1305 434 1353 redeunti
475 1306 540 1353 ab
580 1305 837 1353 universis
877 1305 1009 1352 itum
1052 1310 1155 1367 est3
1197 1305 1379 1353 domus
1422 1305 1531 1353 eius
1575 1304 1785 1368 publica

195 1386 414 1448 pecunia
438 1387 684 1435 restituta
708 1391 800 1435 est.
1322 1395 1327 1398 ·

569 1577 654 1617 The
692 1576 807 1617 C'z'vil
848 1577 981 1618 War:
1021 1576 1215 1618 Cicero’s
1245 1577 1407 1617 Deccch.

262 1717 617 1768 Gravissimae
644 1715 738 1764 illa
762 1720 1075 1779 tempestate
1101 1715 1237 1764 inter
1264 1715 1536 1765 Caesarem
1563 1720 1615 1763 et
1637 1715 1785 1763 Pom-

194 1799 369 1861 peium
395 1802 537 1846 ortae
576 1801 699 1845 sunt
736 1797 1060 1856 inimicitiae,
1087 1801 1147 1844 ut
1171 1804 1253 1844 res
1289 1795 1392 1843 nisi
1430 1795 1568 1844 bello
1606 1795 1784 1843 dirimi

194 1887 297 1927 nen
337 1893 488 1942 posse
527 1877 806 1925 videretur.
883 1877 1064 1925 Cicero
1106 1876 1316 1940 quidem
1367 1883 1566 1924 summe
1610 1875 1783 1924 studie

195 1960 489 2008 enitebatur
507 1964 566 2006 ut
592 1966 677 2006 eos
705 1958 841 2005 inter
869 1966 922 2006 se
947 1957 1308 2005 reconciliaret
1333 1961 1384 2003 et
1409 1964 1439 2004 a
1462 1956 1588 2004 belli
1612 1956 1782 2003 civilis

195 2040 581 2089 calamitatibus
618 2039 917 2099 deterreret7
948 2038 1037 2085 sed
1063 2053 1177 2085 cum
1218 2041 1459 2085 neutrum
1499 2037 1567 2085 ad
1602 2044 1781 2100 pacem

196 2121 473 2168 ineundam
514 2127 814 2183 permovere
862 2123 1054 2182 posset,
1094 2118 1403 2181 Pompeium
1444 2122 1650 2165 secutus
1688 2123 1780 2165 est.

196 2202 298 2250 Sed
338 2201 478 2249 victo
519 2200 785 2263 Pompeie,
823 2207 854 2247 a
896 2200 1117 2249 Caesare
1160 2199 1355 2247 victere
1397 2198 1603 2246 veniam
1644 2198 1784 2246 ultro

194 2282 406 2345 accepit.
481 2281 593 2338 Quo
636 2280 915 2328 interfecte
959 2279 1318 2339 Octavianum,
1359 2279 1595 2328 Caesaris
1644 2278 1785 2326 here-

195 2363 326 2422 dem,
344 2362 495 2422 fevit‚
513 2361 803 2409 Antenium
830 2360 1160 2424 impugnavit
1180 2359 1454 2422 effecitque
1473 2363 1532 2406 ut
1551 2366 1581 2406 a
1600 2363 1784 2406 senatu

194 2443 360 2492 hostis
387 2442 720 2490 iudicaretur.

264 2523 365 2571 Sed
390 2522 670 2582 AntoniuS‚
691 2522 827 2570 inita
850 2537 966 2570 cum
993 2521 1282 2570 Octavian&
1303 2520 1566 2580 societate,
1589 2519 1785 2569 Cicere-

196 2619 312 2651 nem
335 2603 438 2651 iam
465 2603 555 2651 diu
582 2603 682 2651 sibi
709 2603 980 2650 inimicum
1006 2601 1325 2664 prescripsit.
1399 2600 1512 2657 Qua
1530 2607 1584 2647 re
1604 2599 1785 2647 audita

197 2684 377 2733 Cicero
414 2688 726 2731 transversis
770 2682 1047 2730 itineribus
1087 2682 1141 2728 in
1176 2681 1371 2740 villam,
1411 2696 1542 2743 quae
1581 2687 1611 2728 a
1651 2688 1784 2729 mari

198 2763 431 2826 proxime
474 2764 667 2824 aberat,
708 2763 848 2824 fugit
892 2762 1115 2824 indeque
1157 2769 1343 2809 navem
1391 2760 1692 2809 censcendit
1728 2761 1783 2807 in

198 2843 557 2891 Macedoniam
596 2843 928 2891 transiturus.
1005 2842 1160 2891 Unde
1197 2841 1511 2904 aliquotiens
1536 2841 1592 2887 in
1617 2840 1781 2888 altum
