2035 3191
230 167 298 220 30
511 157 516 161 ’
597 172 775 211 URBIS
818 171 1029 211 ROMAE
1073 172 1204 210 vnn
1244 171 1589 213 INLUSTRES.

674 361 855 410 Antony
888 361 977 400 ancl
1014 359 1251 410 Cleopcccra
1282 359 1509 411 Defeaced.

362 458 706 507 Abalienatus'
725 461 905 520 postea
925 461 1004 506 est
1025 457 1087 504 ab
1113 456 1359 517 Antonio,
1381 457 1519 519 quod
1544 457 1587 506 is
1609 457 1881 521 repudiata

295 540 513 589 Octavia
538 546 708 587 sorore
736 538 1080 600 Cleopatram,
1109 537 1341 601 Aegypti
1371 545 1615 598 reginam,
1644 538 1881 587 duxisset

293 629 534 682 uxorem,
580 635 710 683 quae
759 618 969 681 quidem
1007 617 1192 665 mulier
1229 634 1343 666 cum
1387 618 1618 666 Antonio
1660 618 1789 666 lsixsi
1830 624 1881 667 et

294 702 496 750 deliciis
546 700 790 748 certabat.
866 689 989 747 ffna
1025 706 1078 746 se
1127 706 1254 746 cena
1300 699 1532 747 centiens
1582 699 1880 747 sestertium

244 799 267 834 5
294 784 685 846 absumpturam
735 780 1017 843 aliquando
1066 780 1283 827 dixerat.
1381 780 1636 842 Cupiebat
1684 780 1880 829 discere

292 864 569 924 Antonius,
601 863 692 911 sed
728 861 843 909 fieri
880 876 1029 923 posse
1067 868 1171 908 non
1211 861 1575 908 arbitrabatur.
1665 862 1881 909 Postero

292 946 451 1008 igitur
500 945 582 992 die
626 942 955 1005 magnificam
1003 941 1133 990 alias
1176 950 1369 1002 cenam,
1416 942 1505 990 sed
1542 942 1880 990 cottidianam

292 1026 524 1075 Antenio
561 1024 819 1088 apposuit,
851 1023 1116 1083 inridenti,
1145 1022 1283 1085 quod
1320 1022 1576 1085 promisso
1611 1027 1747 1071 stare
1777 1031 1881 1071 non

291 1107 559 1171 potuisset.
613 1093 685 1153 At
710 1105 804 1153 illa
823 1105 1008 1152 inferri
1029 1111 1260 1152 mensam
1282 1104 1560 1152 secundam
1582 1104 1746 1153 iussit.
1798 1105 1880 1151 Ex

218 1200 265 1236 10
290 1193 567 1252 praecepto
592 1186 823 1234 ministri
847 1194 1007 1232 smum
1033 1189 1239 1233 tantum
1265 1192 1356 1233 vas
1382 1189 1502 1232 ante
1529 1200 1639 1232 eam
1666 1193 1880 1247 posuere

291 1274 437 1330 aceti,
477 1269 621 1316 cuius
655 1266 908 1329 asperitas
940 1274 1123 1328 visque
1154 1270 1460 1327 margaritas
1497 1265 1723 1314 resolvit.
1782 1267 1882 1312 Ex-

292 1354 556 1415 spectante
590 1349 750 1411 igitur
784 1347 1030 1408 Antonio,
1064 1346 1312 1409 quidnam
1347 1351 1482 1395 esset
1523 1350 1714 1407 actura,
1754 1362 1881 1394 mar-

292 1436 526 1494 garitam,
578 1446 733 1493 quam
793 1428 1004 1477 auribus
1065 1427 1289 1489 gerebat,
1339 1426 1568 1475 detraxit
1626 1431 1678 1474 et
1736 1432 1880 1475 aceto

290 1512 629 1576 liquefactam
668 1509 946 1558 absorbuit.
1020 1508 1230 1556 Victum
1258 1507 1547 1555 Antonium
1573 1516 1763 1568 omnes,
1792 1515 1880 1570 qui

218 1607 263 1642 15
292 1594 520 1653 aderant,
559 1591 1043 1655 pronuntiaverunt.

360 1673 677 1724 Octavianus
705 1688 820 1720 cum
847 1670 1079 1719 Antoni&
1105 1670 1244 1733 apud
1269 1669 1496 1730 Actium,
1519 1677 1608 1732 qui
1633 1669 1774 1717 locus
1801 1674 1880 1717 est

291 1756 347 1803 in
372 1746 548 1818 Epiro,
574 1753 752 1801 navali
777 1752 975 1815 proelio
1011 1750 1294 1798 dimicavit.
1369 1750 1579 1798 Victum
1605 1753 1656 1797 et
1680 1750 1879 1811 fugien-

291 1842 397 1884 tem
423 1839 723 1899 perseciitus
751 1833 1052 1896 Aegyptum
1079 1831 1249 1894 petiit,
1278 1836 1328 1878 et
1354 1830 1753 1891 Alexandream,
1776 1838 1877 1894 quo
1896 1831 1968 1896 ¹}gf·

293 1916 554 1965 Antonius
604 1931 720 1962 cum
770 1914 1047 1975 Cleopatra
1095 1913 1414 1974 confugerat,
1465 1911 1679 1959 obsedit.
1778 1911 1880 1958 An-

219 2011 266 2047 20
292 1997 466 2046 tonius
492 1997 547 2044 in
571 1995 761 2043 ultima
790 2002 959 2041 rerum
993 1993 1366 2055 desperatione,
1394 2008 1507 2039 cum
1535 1992 1718 2040 habitu
1744 1992 1879 2054 regis

292 2079 348 2126 in
385 2078 513 2126 solio
555 2076 718 2137 regali
767 2074 1002 2133 sedisset,
1041 2078 1258 2120 mortem
1308 2073 1405 2120 sibi
1456 2073 1566 2135 ipse
1613 2073 1877 2121 conscivit.

294 2159 583 2221 Cleopatra,
623 2172 778 2219 quam
823 2154 1161 2215 Octavianus,
1195 2154 1527 2201 Alexandrea
1562 2153 1616 2200 in
1659 2158 1882 2216 potesta-

293 2245 399 2288 tem
436 2239 659 2298 redacta,
686 2244 996 2299 magnopere
1036 2235 1279 2298 cupiebat
1305 2242 1477 2282 vivam
1515 2234 1882 2297 comprehendi

293 2320 664 2383 triumphoque
691 2325 904 2377 servari,
933 2316 1166 2379 aspidem
1194 2315 1293 2363 sibi
1320 2315 1656 2363 adferendam
1682 2314 1882 2362 curavit

221 2414 267 2449 25
295 2402 508 2464 eiusque
533 2407 707 2448 morsu
732 2397 901 2461 periit.
977 2396 1281 2459 Cleopatrae
1301 2399 1533 2443 mortuae
1559 2402 1881 2443 communem

295 2499 409 2530 cum
436 2480 667 2530 Antonio
695 2478 1014 2541 sepulturam
1040 2476 1240 2524 tribuit.

553 2651 798 2700 Auqustus,
834 2649 901 2687 the
940 2647 1073 2697 Ghz'ef
1096 2647 1147 2697 of
1172 2647 1240 2685 the
1272 2646 1451 2685 Roman
1487 2645 1623 2686 State.

362 2755 593 2802 Tandem
633 2751 964 2810 (J)ctavianus,
1002 2749 1240 2797 hostibus
1279 2749 1431 2797 victis
1480 2750 1618 2798 solus
1666 2749 1884 2813 imperio

296 2840 509 2899 potitus,
539 2834 844 2881 clementem
872 2840 924 2878 se
951 2830 1199 2877 exhibuit.
1264 2830 1452 2878 Omnia
1478 2830 1718 2893 deinceps
1745 2830 1800 2877 in
1825 2837 1885 2878 eo
