2035 3191
197 155 264 208 14

194 1223 240 1258 10

194 1629 238 1664 15

194 2698 240 2732 25

552 162 728 202 URBIS
770 162 984 202 ROMAE
1028 162 1161 201 VIRI
1203 162 1550 202 INLUSTRES.

722 354 887 394 Caesar
918 366 966 394 as
998 355 1139 394 Ruleo·
1171 355 1222 404 of
1246 354 1396 393 Rome.

334 479 496 527 Bellis
523 478 765 527 civilibus
799 479 1067 538 confectis,
1096 493 1371 526 conversus
1397 477 1501 525 iam
1527 478 1592 526 ad
1618 477 1854 526 ordinan-

267 561 389 609 dum
416 568 491 608 rei
516 559 753 623 publicae
781 563 990 620 statum,
1019 559 1181 607 fastos
1217 558 1442 606 correxit
1467 573 1761 622 annumque
1788 559 1853 606 ad

267 657 469 690 cursum
499 641 623 690 solis
662 640 1082 700 accommodavit,
1111 644 1169 687 ut
1194 644 1543 688 trecentorum
1582 639 1853 702 sexaginta

268 731 495 786 quinque
544 722 743 769 dierum
795 726 931 769 esset
973 726 1024 768 et
1065 720 1396 768 intercalario
1438 729 1613 769 mense
1650 721 1853 769 sublato

266 812 398 851 unus
425 803 535 851 dies
563 807 747 865 quarto
784 810 988 865 quoque
1017 810 1151 849 anno
1178 801 1585 849 intercalaretur.
1659 803 1748 850 Ius
1785 802 1853 849 la-

266 884 614 933 boriosissime
636 892 692 931 ac
714 883 1039 932 severissime
1066 882 1214 930 dixit.
1290 883 1715 945 Repetundarum
1741 898 1854 930 con-

267 966 432 1014 victos
481 966 639 1013 etiam
683 965 860 1013 ordine
906 964 1165 1012 senatorio
1206 964 1382 1011 movit.
1456 966 1852 1025 Peregrinarum

267 1047 513 1095 mercium
551 1046 781 1110 portoria
808 1046 1069 1100 instituit;
1110 1046 1277 1107 legem
1315 1045 1588 1108 praecipue
1627 1050 1853 1108 sumptu-

267 1129 427 1177 ariam
454 1128 695 1176 exercuit.
772 1129 848 1175 De
876 1128 1105 1175 ornanda
1130 1127 1535 1190 instruendaque
1562 1127 1700 1187 urbe,
1728 1126 1851 1174 item

267 1211 329 1258 de
355 1210 549 1258 tuendo
586 1209 988 1272 ampliandoque
1026 1208 1244 1271 imperio
1281 1208 1432 1271 plura
1471 1216 1528 1256 ac
1566 1208 1762 1256 maiora
1797 1208 1853 1255 in

267 1292 378 1340 dies
405 1291 728 1352 destinabat3
757 1291 1014 1353 imprimis
1042 1290 1121 1338 ius
1149 1290 1302 1337 civile
1330 1290 1394 1338 ad
1420 1294 1616 1337 certum
1643 1289 1849 1337 modum

266 1373 498 1435 redigere
529 1377 684 1435 atque
711 1388 774 1419 ex
800 1372 1053 1420 immensa
1089 1371 1256 1433 legum
1287 1371 1435 1434 copia
1472 1371 1669 1433 optima
1705 1386 1853 1433 quae-

267 1470 365 1518 que
391 1459 442 1502 et
466 1453 760 1502 necessaria
785 1453 839 1500 in
865 1452 1204 1516 paucissimos
1231 1452 1467 1500 conferre
1494 1451 1679 1513 libros,
1707 1451 1853 1499 bibli-

267 1535 475 1584 othecas
514 1536 736 1584 Graecas
764 1539 814 1582 et
841 1536 1072 1594 Latinas,
1101 1542 1230 1597 quas
1257 1533 1511 1581 maximas
1549 1538 1738 1596 posset,
1766 1541 1853 1595 psi-

266 1617 472 1678 blicare,
512 1616 704 1665 siccare
746 1617 1054 1679 Pomptinas
1104 1615 1348 1678 paludes,
1398 1614 1538 1662 viam
1587 1622 1788 1661 munire
1824 1621 1854 1661 a

266 1699 403 1746 Mari
430 1698 626 1761 Supero
647 1713 738 1760 per
758 1697 1061 1760 Appennini
1087 1697 1297 1745 dorsum
1324 1696 1388 1744 ad
1413 1695 1642 1743 Tiberim
1663 1703 1850 1758 sisque,

267 1781 433 1827 Dacos
483 1787 573 1842 qui
611 1787 663 1827 se
711 1779 765 1825 in
812 1779 1038 1825 Pontum
1088 1778 1396 1837 effuderant,
1434 1784 1694 1837 coercere3
1734 1791 1851 1822 mox

266 1861 478 1907 Parthis
517 1859 710 1908 bellum
748 1859 941 1907 inferre
980 1874 1069 1922 per
1107 1858 1422 1906 Armeniam.

679 2071 844 2111 Caesar
874 2071 1010 2110 killed
1041 2071 1092 2119 by
1129 2070 1451 2119 Conspirators.

334 2198 478 2245 Haec
500 2201 550 2244 et
571 2196 673 2243 alia
697 2200 936 2257 agentem
963 2199 1014 2242 et
1040 2194 1378 2242 meditantem
1404 2210 1541 2242 mors
1568 2194 1849 2256 praevenit.
1898 2251 1903 2255 ¹

267 2278 504 2326 Dictator
541 2277 678 2324 enim
705 2276 758 2323 in
785 2281 1092 2339 perpetuum
1118 2280 1319 2323 creatus
1359 2290 1507 2337 agere
1545 2274 1851 2323 insolentius

268 2344 463 2423 coepit,
514 2363 751 2407 senatum
789 2358 856 2405 ad
896 2365 948 2405 se
991 2356 1286 2404 venientem
1326 2356 1509 2404 sedens
1558 2355 1760 2418 excepit
1801 2360 1852 2402 et

268 2440 540 2504 quendam,
590 2444 648 2487 ut
695 2439 1012 2500 adsurgeret,
1062 2442 1357 2484 monentem
1406 2441 1537 2484 irato
1586 2436 1734 2484 voltu
1781 2451 1853 2482 re-

270 2522 453 2585 spexit.
543 2522 672 2570 Cum
722 2520 998 2580 Antonius,
1040 2518 1274 2568 Caesaris
1317 2518 1372 2564 in
1414 2517 1651 2565 omnibus
1699 2516 1851 2565 bellis

269 2619 435 2651 comes
473 2607 525 2650 et
560 2607 684 2649 tunc
722 2601 1021 2649 consulatus
1062 2600 1287 2661 conlega,
1316 2599 1475 2662 capit-i
1509 2598 1617 2647 eius
1644 2598 1699 2646 in
1724 2598 1853 2646 sella

269 2692 423 2732 aurea
460 2683 688 2731 sedentis
727 2690 818 2745 pro
855 2683 1060 2729 Rostris
1109 2680 1361 2741 diadema,
1401 2687 1601 2740 insigne
1638 2679 1849 2741 regium,

268 2764 616 2828 imposuisset,
644 2763 698 2808 id
725 2763 800 2809 ita
826 2763 888 2809 ab
915 2770 974 2808 eo
1001 2766 1078 2809 est
1105 2761 1384 2823 repulsum,
1413 2764 1472 2807 ut
1497 2768 1599 2807 non
1625 2760 1850 2807 offensus

273 2845 545 2892 videretur.
