2035 3191
550 196 730 236 GAIUS
772 196 973 236 IULIUS
1015 196 1269 237 CAESAR.
1711 192 1777 245 17

189 346 301 404 Qua
332 353 386 394 re
416 345 741 393 coniuratum
778 344 833 392 in
873 360 987 391 eum
1015 348 1093 392 est
1119 352 1148 391 a
1175 343 1445 404 sexaginta
1482 344 1705 407 amplius

121 427 262 488 viris,
305 426 483 476 Cassie
522 430 573 473 et
619 426 781 473 Brute
819 425 1035 473 ducibus
1080 423 1498 487 censpiratienis‚
1542 425 1708 473 decre-

120 512 334 571 tumque
360 523 477 555 eum
501 497 685 555 idibus
712 506 920 554 Martiis
947 506 1001 553 in
1028 510 1211 554 senatu
1236 506 1524 553 cenfodere.

186 588 423 636 Plurima
443 588 639 635 indicia
662 588 831 634 futuri
851 587 1068 650 periculi
1088 586 1384 635 obtulerant
1410 587 1485 634 dii
1505 587 1707 636 immor-

119 669 264 717 tales.
340 670 486 717 Uxor
507 668 791 731 Calpurnia
810 668 995 716 territa
1013 672 1265 715 nocturne
1285 676 1415 728 visu,
1438 673 1495 716 ut
1522 658 1704 718 felibus
1757 686 1778 720 5

119 750 329 798 Martiis
356 750 497 797 domi
522 749 829 797 subsisteret
856 749 1048 808 erabat,
1077 753 1128 796 et
1155 749 1418 812 Spurinna
1443 749 1706 813 haruspex

119 822 450 894 praedixerat
491 835 550 878 ut
592 831 855 894 proximes
905 830 1016 878 dies
1059 830 1278 892 triginta
1323 831 1472 893 quasi
1516 831 1704 879 fatales

118 917 341 972 caveret,
392 920 609 975 querum
659 911 876 959 ultimus
925 916 1035 959 erat
1085 901 1208 959 ldsls
1258 912 1492 959 Martiae.
1590 913 1705 959 Hec

120 993 280 1054 igitur
320 993 403 1041 die
447 993 635 1041 Caesar
680 993 985 1055 Spurinnae,
1028 997 1054 1020 ‘⁶'
1073 992 1275 1055 Ecquid
1321 994 1471 1049 scis‚’⁷
1517 993 1703 1056 inquit,

121 1065 290 1123 “ldus
339 1074 558 1123 Martias
608 1074 711 1122 iam
762 1074 1052 1121 venisse‘?‘⁷
1097 1079 1149 1121 et
1198 1074 1256 1131 is,
1310 1073 1557 1135 “Ecquid
1606 1082 1704 1122 scis
1734 1085 1780 1120 10

119 1155 238 1203 illas
285 1156 517 1203 nendum
554 1155 952 1218 praeterisse?⁴'
1040 1154 1213 1217 Atque
1264 1170 1376 1201 cum
1420 1154 1608 1203 Caesar
1647 1163 1705 1202 ee

119 1236 202 1283 die
230 1236 282 1283 in
310 1241 547 1284 senatum
575 1236 819 1295 Venisset,
847 1236 1174 1284 adsidentem
1212 1239 1498 1298 censpirati
1535 1236 1705 1298 specie

119 1316 273 1365 officii
320 1317 778 1366 circumsteterunt
834 1317 1056 1380 iliceque
1104 1325 1254 1377 smus,
1305 1317 1455 1379 quasi
1503 1317 1705 1379 aliquid

119 1403 407 1460 rogaturus,
450 1398 662 1462 propius
711 1398 930 1447 accessit
976 1402 1318 1460 renuentique
1368 1397 1432 1445 ab
1486 1402 1705 1460 utroque

117 1488 293 1528 umere
319 1485 492 1541 togam
519 1480 879 1543 apprehendit.
954 1479 1156 1527 Deinde
1195 1479 1520 1539 clamantem,
1551 1479 1707 1526 “Ista
1735 1492 1779 1527 15

119 1561 329 1623 quidem
368 1569 448 1609 vis
489 1562 617 1621 est‚⁷'
659 1562 833 1621 Casca,
860 1569 993 1609 smus
1035 1569 1059 1607 e
1100 1561 1396 1620 coniuratis,
1429 1560 1705 1607 adversum

118 1641 355 1689 volnerat
380 1641 593 1704 paulum
619 1642 759 1690 infra
792 1642 1039 1704 iugulum.
1115 1642 1304 1690 Caesar
1344 1642 1532 1689 Cascae
1570 1642 1707 1688 brac-

118 1722 294 1769 chium
321 1723 596 1786 adreptum
623 1723 840 1786 graphie
876 1722 1084 1771 traiecit
1110 1727 1428 1784 cenatusque
1465 1722 1706 1785 presilire

119 1803 222 1851 alie
247 1803 457 1851 volnere
493 1804 732 1852 tardatus
771 1809 863 1852 est.
937 1804 1074 1851 Dein
1112 1808 1171 1850 ut
1210 1803 1583 1850 animadvertit
1618 1819 1707 1850 un-

99 1884 275 1947 ·dique
302 1893 355 1933 se
383 1885 579 1933 strictis
616 1885 930 1948 pugienibus
967 1889 1091 1947 peti⁷
1119 1889 1241 1945 toga
1279 1889 1435 1946 caput
1472 1884 1707 1931 obvolvit
1734 1896 1781 1931 20

119 1969 171 2013 et
209 1965 283 2013 ita
330 1966 497 2014 tribus
547 1970 599 2013 et
634 1966 826 2027 viginti
872 1966 1041 2029 plagis
1091 1966 1361 2013 censossus
1411 1969 1501 2019 est.
1577 1965 1706 2013 Cum

118 2047 353 2094 Marcum
385 2048 623 2107 Brutum,
651 2063 804 2110 quem
830 2047 938 2094 filii
962 2047 1074 2095 loce
1113 2046 1351 2106 habebat,
1385 2046 1440 2092 in
1478 2054 1531 2094 se
1570 2046 1706 2093 inru-

120 2131 292 2174 entem
315 2128 552 2187 vidisset,
580 2128 776 2176 dixisse
802 2128 995 2175 fertur:
1039 2133 1066 2156 “
1084 2129 1163 2174 Tu
1201 2143 1419 2189 quoque,
1448 2134 1520 2173 mi
1549 2126 1702 2175 filil⁷⁷

504 2354 589 2392 His
626 2352 866 2393 Char-(ceter
897 2353 986 2393 ancl
1016 2352 1316 2403 Appearance.

186 2470 328 2518 Illud
368 2470 504 2518 inter
543 2479 718 2520 omnes
759 2471 869 2519 fere
907 2471 1158 2531 censtitit,
1198 2470 1357 2519 talem
1398 2479 1444 2518 ei
1487 2476 1705 2518 mortem

119 2567 280 2613 paene
307 2567 371 2599 ex
397 2552 658 2600 sententia
689 2552 952 2613 obtigisse.
1026 2553 1165 2600 Nam
1202 2557 1253 2599 et
1290 2552 1552 2614 quondam
1589 2568 1704 2600 cuin
1733 2565 1779 2600 25

119 2632 258 2694 apud
282 2632 682 2695 Xenophontem
708 2633 923 2694 legisset
960 2634 1155 2696 Cyrum
1192 2633 1379 2681 ultima
1404 2633 1705 2681 valetudine

119 2712 394 2761 mandasse
442 2714 696 2776 quaedam
745 2715 809 2762 de
858 2714 1042 2762 funere
1092 2722 1198 2774 sue,
1238 2719 1546 2777 aspernatus
1598 2719 1703 2762 tam

119 2791 319 2840 lentum
354 2794 537 2842 mortis
585 2810 760 2856 genus,
800 2795 1027 2843 subitam
1067 2795 1167 2844 sibi
1207 2795 1527 2858 celeremque
1568 2800 1706 2858 opta-

118 2878 279 2934 verat,
318 2878 370 2920 et
406 2874 575 2936 pridie
618 2890 773 2937 quam
821 2876 1156 2937 occideretur,
1196 2876 1251 2922 in
1300 2884 1534 2924 sermene
1582 2881 1704 2923 nate

411 2966 435 2995 G
