2035 3191
69 1026 135 1048 B.C.

389 230 629 271 CAESAR
672 230 1062 271 OCTAVIANUS
1102 231 1433 272 AUGUSTUS.
1741 227 1807 279 31

151 375 306 439 plena
341 377 756 427 mansuetudinis
794 383 846 426 et
882 378 1238 427 humanitatis.
1314 378 1499 428 Multis
1538 381 1736 441 ignovit

151 458 233 506 vel
261 467 348 519 eis,
377 467 467 523 qui
493 475 644 522 saepe
666 459 893 520 graviter
919 475 1034 507 eum
1066 460 1401 508 offenderant.
1477 461 1735 510 Reversus

149 538 205 586 in
239 530 451 587 Ttaliam
490 540 821 603 triumphans
864 541 1084 588 Romam
1122 540 1385 602 ingressus
1421 546 1513 589 est.
1603 543 1736 589 Tum

149 619 302 668 bellis
343 624 454 668 toto
502 621 621 668 orbe
661 621 961 684 compositis
1012 622 1132 669 Iani
1179 621 1373 682 gemini
1419 628 1594 684 portas
1645 631 1737 670 sua

149 709 306 749 mansi
342 701 543 762 elausit,
572 717 703 765 quae
739 702 818 750 bis
856 707 1061 750 tantum
1093 707 1247 750 antea
1275 702 1478 751 clausae
1510 704 1733 764 fuerant,
1788 723 1810 758 5

148 789 374 844 primum
401 783 496 832 sub
515 783 691 831 Numa
716 791 849 844 rege,
870 783 1058 831 iterum
1085 788 1203 846 post
1229 792 1453 846 primum
1480 784 1736 832 Punicum

148 863 356 911 bellum.
431 865 575 912 Tune
612 873 789 913 omnes
824 864 1221 927 praeteritorum
1256 865 1508 913 malorum
1544 865 1735 913 oblivio

148 944 286 1007 oepit
311 945 636 1008 populusque
667 947 932 994 Romanus
960 945 1248 1008 praesentis
1282 946 1377 993 otii
1402 946 1605 994 laetitia
1630 962 1737 1009 per-

78 1064 95 1090 .-
149 1025 432 1074 fruebatur.
508 1026 793 1075 Octaviano
820 1027 1036 1075 maximi
1060 1027 1280 1075 honores
1311 1035 1341 1074 a
1367 1032 1551 1075 senatu
1577 1028 1737 1075 delati

149 1111 282 1154 sunt.
379 1108 500 1171 Ipse
538 1108 807 1170 Augustus
851 1108 1243 1169 cognominatus
1293 1113 1344 1155 et
1391 1108 1445 1154 in
1488 1109 1734 1156 honorem
1764 1119 1810 1154 10

148 1188 257 1236 eius
306 1189 497 1237 mensis
553 1189 766 1237 Sextilis
816 1189 993 1237 eodem
1041 1189 1249 1237 nomine
1299 1189 1592 1251 appellatus
1642 1194 1733 1250 est,

147 1269 285 1331 quod
319 1269 412 1318 illo
449 1278 623 1318 mense
660 1270 812 1318 bellis
839 1269 1081 1318 civilibus
1111 1269 1239 1318 finis
1274 1275 1409 1318 esset
1442 1269 1730 1332 impositus.

146 1350 319 1398 Patris
368 1350 568 1413 patriae
609 1359 893 1413 cognomen
931 1350 1164 1399 universi
1205 1350 1432 1399 maximo
1480 1359 1735 1399 consensu

147 1430 446 1479 detulerunt
482 1440 543 1479 ei.
616 1431 988 1480 Deferentibus
1025 1431 1302 1480 lacrimans
1329 1432 1597 1494 respondit
1633 1432 1735 1479 Au-

147 1510 445 1574 gustush’i‘s
478 1513 677 1561 verbis:
721 1513 986 1575 “Compos
1016 1513 1186 1561 faetus
1214 1517 1452 1560 Votorum
1485 1521 1731 1574 meorum,
1763 1524 1808 1559 15

146 1597 321 1655 patres
350 1599 648 1656 conseripti,
676 1593 803 1657 quid
838 1593 1002 1641 habeo
1040 1593 1184 1641 aliud
1220 1594 1359 1655 quod
1384 1594 1505 1642 deos
1532 1594 1734 1642 immor-

146 1673 278 1722 tales
320 1689 512 1737 preeer7
557 1690 711 1738 quam
760 1680 818 1722 ut
864 1674 1002 1722 hune
1051 1682 1357 1723 eonsensum
1394 1680 1624 1724 vestrum
1668 1676 1733 1723 ad

146 1754 389 1803 ultimum
426 1761 564 1804 vitae
601 1756 765 1804 finem
802 1755 933 1803 mihi
970 1755 1200 1819 perferre
1237 1755 1464 1804 lioeat!''

450 1954 696 2006 Auquscus’
731 1954 1014 1994 ssloderact’on
1046 1954 1137 1993 (cml
1166 1953 1413 2004 Affabilicy.

213 2080 541 2129 Dictaturam
583 2087 771 2141 magna
814 2087 866 2126 vi
902 2077 1150 2126 offerente
1186 2078 1380 2141 populo
1425 2078 1733 2141 deprecatus

148 2166 239 2210 est.
312 2160 525 2208 Domini
560 2159 965 2223 appellationem
998 2174 1198 2222 semper
1224 2159 1492 2207 exhorruit
1517 2175 1731 2223 eamque
1764 2171 1812 2206 20

149 2242 247 2290 sibi
293 2241 456 2290 tribui
503 2241 672 2289 edicto
718 2241 898 2289 vetuit.
980 2241 1146 2287 Immo
1196 2241 1257 2288 de
1307 2240 1631 2291 restituenda
1678 2250 1732 2288 re

148 2322 355 2386 public-a
391 2331 495 2371 non
534 2322 691 2371 semel
734 2321 997 2383 cogitavit,
1041 2322 1130 2370 sed
1164 2325 1411 2384 reputans
1452 2326 1503 2370 et
1541 2330 1595 2369 se
1634 2330 1732 2384 pri-

148 2409 324 2452 vatum
350 2412 453 2453 non
480 2403 590 2452 sine
615 2402 845 2466 periculo
872 2403 998 2463 fore⁷
1017 2407 1068 2450 et
1095 2418 1200 2450 rem
1222 2402 1478 2465 publicam
1504 2402 1732 2465 plurium

149 2485 364 2533 arbitrio
399 2485 728 2533 commissum
766 2492 846 2545 irI,
875 2499 1128 2533 summam
1160 2483 1377 2531 retinuit
1403 2487 1731 2546 potestatem,

149 2566 203 2613 id
229 2574 349 2614 vero
375 2566 589 2628 studuit,
616 2574 680 2614 ne
706 2581 858 2629 quem
884 2573 1008 2613 novi
1034 2569 1199 2613 status
1226 2564 1530 2627 paeniteret.
1593 2565 1732 2613 Bene
1762 2576 1808 2611 25

149 2647 212 2694 de
238 2654 311 2696 eis
338 2647 493 2695 etiam
521 2655 648 2710 quos
676 2646 997 2696 adversarios
1034 2650 1277 2709 expertus
1307 2650 1430 2706 erat,
1461 2650 1512 2694 et
1551 2645 1734 2694 sentie-

149 2728 238 2775 bat
264 2732 314 2776 et
339 2727 655 2791 loquebatur.
724 2729 1007 2790 Legentem
1034 2727 1314 2789 aliquando
1341 2735 1502 2774 unum
1531 2735 1557 2774 e
1584 2734 1734 2789 nepo-

149 2808 289 2858 tibus
310 2808 537 2870 invenit3
566 2824 781 2872 eumque
802 2824 928 2872 puer
953 2808 1167 2856 territus
1188 2807 1432 2855 volumen
1453 2807 1732 2869 Ciceronis,

150 2890 287 2952 quod
323 2897 479 2937 mansi
519 2889 743 2950 tenebat,
784 2894 927 2937 veste
970 2893 1182 2950 tegeret,
1223 2889 1494 2951 Augustus
1543 2888 1734 2938 librum
