2035 3191
388 171 624 211 CAESAR
670 168 1056 209 OCTAVIANUS
1099 169 1425 209 AUGUSTUS.
1738 164 1803 214 33

149 319 333 367 talium
361 317 700 366 salutaterun]
740 315 950 363 habee.”
1048 314 1318 377 Superfuit
1362 323 1513 363 corve
1550 330 1733 363 memo-

149 399 240 461 ria,
280 403 338 447 ut
386 403 437 446 et
484 397 591 458 illa,
633 397 820 460 quibus
869 395 1134 443 dominum
1185 400 1486 458 querentem
1535 396 1733 444 solebat

149 481 342 540 audire,
382 479 694 538 subtexeret,
735 478 950 540 “Opera
992 481 1043 524 et
1090 476 1328 539 impensa
1374 476 1577 539 periit.'⁷
1649 477 1732 524 Ad

150 561 287 625 quod
318 561 506 609 Caesar
532 559 648 608 risit
687 566 890 621 emique
929 573 1077 606 avem
1116 556 1285 618 iussit,
1312 562 1497 619 quanti
1534 557 1733 605 nullam

149 646 269 690 ante
296 645 502 689 emerat.
1784 654 1805 686 5

730 786 820 827 The
853 787 1002 837 Needy
1034 787 1154 828 Poec.

219 900 427 949 Solebat
450 898 735 949 Graeculus
756 899 966 961 quidam
990 897 1327 946 descendenti
1347 905 1373 944 e
1395 896 1600 945 Palatie
1619 896 1738 944 Cae-

151 989 256 1031 sari
303 980 642 1029 honerificum
692 979 904 1042 aliquod
953 979 1271 1042 epigramma
1318 979 1594 1041 porrigere.
1670 978 1732 1024 Id

151 1073 266 1111 cum
292 1062 491 1111 frustra
517 1076 668 1124 saepe
695 1060 908 1108 fecisset
933 1064 985 1108 et
1010 1065 1184 1108 tamen
1221 1067 1399 1107 rursus
1441 1075 1556 1106 eum
1595 1059 1733 1106 idem

151 1144 410 1192 facturum
438 1142 673 1190 duxisset
698 1142 983 1203 Augustus,
1005 1141 1158 1189 breve
1185 1148 1277 1189 sua
1302 1148 1458 1187 manu
1484 1139 1536 1186 in
1557 1139 1736 1187 charta

151 1224 385 1272 exaravit
412 1225 664 1273 Graecum
705 1222 1024 1286 epigramma
1062 1226 1113 1269 et
1154 1220 1408 1270 Graecule
1436 1220 1735 1268 advenienti
1764 1228 1809 1264 10

151 1305 357 1354 obviam
384 1305 540 1353 misit.
615 1303 715 1351 Ille
741 1304 877 1352 inter
902 1303 1177 1364 legendum
1217 1301 1428 1349 laudare
1454 1308 1735 1363 mirarique

152 1392 259 1435 tam
284 1394 406 1434 vece
433 1401 586 1449 quam
613 1385 761 1433 voltu
791 1389 1054 1447 gestuque.
1129 1383 1330 1431 Deinde
1357 1398 1472 1430 cum
1499 1381 1737 1430 accessis-

154 1472 231 1517 set
256 1468 322 1515 ad
359 1467 556 1527 sellam,
585 1474 686 1529 qua
723 1467 910 1515 Caesar
936 1465 1235 1525 vehebatur,
1264 1463 1489 1511 demissa
1526 1463 1581 1510 in
1619 1478 1737 1525 pau-

153 1564 327 1612 perem
353 1556 649 1596 crumenam
674 1555 831 1595 manu
856 1554 1046 1609 pauces
1072 1544 1309 1593 denaries
1347 1543 1581 1607 pretulit,
1609 1551 1736 1606 ques

153 1629 380 1693 principi
427 1629 587 1689 daret,
626 1628 876 1691 dixitque,
923 1636 975 1675 se
1022 1627 1140 1690 plus
1190 1626 1433 1674 daturum
1476 1624 1654 1684 fuisse,
1694 1631 1738 1671 si
1766 1635 1811 1670 15

154 1710 272 1774 plus
319 1710 602 1759 habuisset.
678 1710 864 1758 Secute
901 1708 1132 1757 omnium
1169 1715 1278 1755 risu
1326 1706 1737 1769 dispensatorem

155 1792 345 1841 Caesar
380 1791 589 1839 vocavit
626 1795 678 1838 et
716 1790 842 1839 satis
891 1790 1137 1851 grandem
1185 1787 1436 1851 pecuniae
1485 1801 1739 1835 summam

155 1880 416 1922 numerari
454 1872 708 1921 Graecule
744 1871 912 1920 iussit.

368 2072 494 2113 Foocz
514 2072 595 2123 for
624 2071 693 2111 the
726 2071 914 2122 Fishes;
945 2070 1012 2110 the
1044 2069 1162 2109 Bold
1192 2069 1306 2108 Bz'rcl
1338 2066 1533 2108 Ccccclzer.

225 2184 493 2246 Augustus
519 2182 629 2230 fere
655 2181 789 2229 nulli
815 2189 868 2230 se
895 2181 1144 2229 invitanti
1168 2179 1403 2241 negabat.
1479 2178 1740 2240 Exceptus

158 2265 317 2326 igitur
342 2272 372 2313 a
396 2263 620 2328 quedam
657 2270 783 2310 cena
820 2262 948 2311 satis
985 2269 1140 2325 parca
1165 2265 1216 2309 et
1240 2275 1403 2324 paene
1441 2258 1740 2318 cottidiana,
1770 2276 1817 2311 20

157 2346 252 2395 hec
289 2350 494 2394 tantum
519 2343 892 2393 insusurravit:
934 2348 962 2371 ‘⁴
978 2343 1100 2390 Nen
1124 2341 1371 2405 putabam
1397 2348 1477 2388 me
1503 2338 1601 2387 tibi
1631 2354 1741 2386 esse

158 2432 265 2475 tam
313 2426 675 2475 familiarem.⁷'
759 2425 889 2474 Cum
938 2423 1219 2486 aliquande
1267 2422 1405 2485 apud
1451 2419 1743 2468 Pellienem

160 2507 417 2570 quendam
453 2510 662 2555 cenaret
699 2505 1044 2568 fregissetque
1082 2512 1215 2552 unus
1255 2511 1281 2550 e
1322 2509 1483 2550 servis
1510 2508 1600 2548 vas
1638 2515 1745 2563 cry-

162 2588 446 2649 stallinum,
477 2596 591 2651 rapi
629 2603 744 2635 eum
771 2587 837 2635 ad
866 2590 1080 2634 mortem
1121 2584 1294 2633 Pellie
1330 2582 1484 2631 iussit
1523 2587 1575 2629 et
1611 2580 1745 2629 obici

161 2677 420 2718 muraenis
458 2676 585 2732 quas
632 2668 817 2730 ingens
865 2667 1066 2731 piscina
1112 2665 1422 2714 continebat.
1496 2654 1682 2711 Evasit
1719 2669 1744 2708 e
1772 2671 1818 2706 25

163 2749 398 2799 manibus
420 2765 546 2813 puer
572 2754 623 2798 et
649 2750 716 2798 ad
739 2749 897 2813 pedes
924 2748 1159 2798 Caesaris
1185 2745 1423 2808 cenfugit
1441 2744 1575 2792 nihil
1602 2742 1745 2792 aliud

163 2835 420 2894 petiturus
470 2846 624 2893 quam
671 2835 730 2878 ut
779 2829 932 2878 aliter
979 2833 1172 2893 periret
1219 2843 1312 2875 nec
1362 2835 1477 2875 esca
1526 2825 1745 2888 piscium

347 2938 375 2964 I)
