2035 3191
534 174 782 215 MARCUS
822 172 1079 212 TULLIUS
1120 171 1354 212 CICERO.
1751 162 1817 212 25

160 329 459 390 preveetum
485 339 599 371 euin
635 321 787 369 niodo
812 325 957 368 venti
994 319 1199 367 adversi
1225 316 1566 376 rettulissent,
1595 315 1745 363 modo

159 407 270 470 ipse
297 404 629 454 iactatienein
666 402 823 450 maris
863 405 975 463 pati
1010 408 1114 448 nen
1154 402 1341 462 posset,
1369 396 1602 444 taedium
1637 401 1745 444 tan-

160 488 276 535 dein
316 502 431 534 eum
459 490 510 533 et
535 485 688 547 fugae
727 488 778 530 et
815 487 954 529 vitae
994 480 1132 543 cepit
1171 493 1536 540 regressusque
1563 477 1630 525 ad
1654 477 1745 524 vi]-

160 568 278 628 lam,
330 566 619 625 “Moriar-,⁷⁷
669 564 856 627 inquit,
910 567 937 590 “
953 563 1007 609 in
1056 561 1228 625 patria
1289 575 1440 622 saepe
1490 558 1742 607 servata.⁷'

162 648 300 697 Satis
333 652 552 708 eenstat,
580 644 985 695 adventantibus
1019 641 1408 706 percusseribus
1447 647 1621 688 serves
1646 639 1746 686 for·
1794 652 1817 685 5

159 730 282 778 titer
307 727 635 791 fideliterque
661 730 868 790 parates
894 725 1058 772 fuisse
1085 723 1151 772 ad
1177 720 1545 782 dimicandum,
1573 719 1744 783 ipsum

860 1492 1035 1523 LEc-TICA.

163 1643 351 1706 depeni
376 1643 613 1691 leetieain
653 1647 705 1690 et
743 1641 948 1705 quietes
987 1646 1112 1705 pati,
1141 1640 1279 1704 quod
1319 1656 1427 1689 sors
1467 1639 1648 1703 iniqua
1672 1645 1747 1687 06-

163 1728 318 1784 geret,
339 1722 566 1771 iussisse.
640 1722 968 1771 Preminenti
987 1737 1051 1770 ex
1070 1721 1254 1770 lectica
1278 1725 1330 1769 et
1354 1721 1621 1769 immetam
1649 1734 1747 1767 eer-

143 1811 327 1851 ·vieem
352 1803 624 1866 praebenti
649 1807 804 1866 eaput
834 1810 1125 1865 praecisum
1150 1806 1242 1850 est.
1318 1801 1506 1849 Manus
1544 1814 1747 1863 quoque

162 1883 419 1944 abscisae3
481 1888 637 1946 eaput
685 1883 903 1931 relatum
955 1886 1034 1930 est
1081 1882 1147 1930 ad
1195 1880 1484 1929 Antenium
1535 1880 1748 1942 eiusque
1778 1889 1822 1922 10

163 1964 307 2012 iussu
331 1979 449 2012 eum
475 1964 659 2012 dextra
683 1971 840 2011 manu
864 1963 918 2010 in
945 1963 1151 2011 Restris
1176 1962 1418 2025 positum.

545 2156 737 2197 Cicero's
769 2157 1103 2207 Philosophical
1145 2157 1372 2207 Wrz'cz'nys.

230 2274 392 2331 Quam
415 2274 506 2321 diu
526 2281 605 2322 res
626 2273 836 2336 publiea
860 2274 1098 2321 Remana
1116 2288 1207 2336 per
1227 2281 1312 2321 ees
1333 2274 1619 2335 gerebatur,
1643 2274 1750 2337 qui-

167 2355 259 2402 bus
290 2361 343 2402 se
374 2353 488 2416 ipsa
521 2358 862 2413 commiserat,
890 2353 942 2400 in
970 2369 1083 2401 eam
1120 2361 1269 2401 ouras
1305 2354 1749 2416 cegitatienesque

164 2435 274 2482 fere
300 2442 476 2483 omnes
503 2441 620 2483 suas
647 2434 946 2482 censerebat
972 2434 1150 2482 Cicere
1177 2438 1228 2481 et
1253 2434 1371 2496 plus
1392 2449 1576 2497 operae
1600 2441 1752 2497 pene·

165 2515 254 2562 bat
279 2514 333 2562 in
357 2514 557 2576 agende
595 2530 749 2578 quam
775 2514 830 2562 in
857 2514 1140 2563 seribende.
1215 2515 1345 2564 Cum
1381 2519 1555 2562 autem
1594 2514 1752 2562 domi·
1778 2523 1824 2559 15

165 2599 293 2642 natu
327 2603 481 2643 unius
508 2595 559 2644 C.
589 2595 696 2642 Iuli
732 2595 968 2644 Caesaris
1008 2595 1181 2643 omnia
1219 2599 1534 2656 tenerentur,
1562 2602 1666 2643 nen
1699 2602 1752 2642 se

165 2674 444 2736 angeribus
482 2675 685 2723 dedidit
710 2691 803 2724 nee
828 2675 1060 2737 indignis
1098 2672 1306 2724 homine
1345 2675 1494 2724 docte
1519 2675 1755 2738 volupta-

165 2755 318 2803 tibus.
392 2755 619 2817 Fugiens
656 2762 987 2819 eenspeetum
1024 2757 1146 2804 Fori
1173 2756 1417 2819 urbisque
1456 2764 1576 2804 rura
1612 2771 1755 2819 pera-

167 2836 361 2895 grabat,
390 2836 713 2898 abdebatque
751 2844 803 2884 se
844 2842 1097 2899 quantum
1136 2836 1340 2896 licebat,
1370 2840 1421 2884 et
1448 2836 1586 2884 selus
1625 2841 1751 2883 erat,
