2035 3191
556 175 804 215 MARCUS
843 176 1100 215 TULLIUS
1142 177 1375 218 CICERO.

645 362 794 403 Cicero
826 369 969 404 enters
999 364 1158 404 Public
1189 365 1300 414 Life.

245 473 479 522 Primum
497 473 845 537 eloquentiam
867 480 919 521 et
939 475 1234 522 libertatem
1257 476 1504 525 adversus
1524 477 1764 528 Sullanos

178 555 419 603 ostendit.
492 555 629 602 Nam
660 570 775 602 oum
809 555 1056 603 Roscium
1090 556 1364 618 quendam,
1392 558 1662 620 parricidii
1691 576 1766 608 ao-

98 628 429 696 ¹{S'osisatuiii,
469 636 532 683 ob
581 635 919 698 Chrysogoni,
960 636 1135 684 Sullae
1184 636 1374 697 liberti,
1415 646 1505 701 qui
1552 639 1606 686 in
1654 641 1763 690 eius

178 715 489 764 adversariis
527 721 651 776 erat,
691 716 979 779 potentiam
1016 725 1167 765 nemo
1205 717 1485 767 defendere
1534 721 1761 782 auderet,

177 801 325 844 tanta
360 797 683 860 eloquentiae
720 805 774 844 vi
811 813 927 845 eum
965 797 1202 846 defendit
1236 799 1413 848 Cicero
1439 805 1497 848 ut
1522 801 1625 849 iam
1651 807 1762 850 tum

178 877 233 924 in
262 882 371 925 arte
402 878 609 926 dicendi
639 878 813 926 nullus
848 886 896 926 ei
932 886 1023 941 par
1057 894 1168 927 esse
1202 880 1475 929 videretur.
1550 883 1630 930 Ex
1662 892 1761 946 que

177 958 429 1006 invidiam
467 959 663 1007 veritus
703 959 937 1008 Athenas
969 961 1259 1008 studiorum
1287 962 1453 1023 gratia
1478 964 1646 1026 petiit,
1673 966 1760 1012 ubi

177 1039 495 1087 Antiochum
533 1040 900 1103 philosophum
939 1042 1171 1090 studiose
1209 1043 1424 1091 audivit.
1499 1045 1629 1092 Inde
1668 1046 1763 1093 elo-

178 1121 421 1183 quentiae
464 1129 619 1170 causa
666 1122 909 1169 Rhodum
953 1131 1005 1171 se
1055 1124 1291 1183 eontulit,
1342 1125 1425 1171 ubi
1480 1125 1760 1187 Molonem,

178 1203 431 1249 Graecum
491 1203 745 1250 rhetorem
808 1209 918 1251 tum
979 1204 1397 1265 disertissimum,
1456 1206 1761 1267 magistrum

175 1282 369 1331 habuit.
453 1284 553 1340 Qui
612 1300 727 1331 011111
788 1285 1088 1333 Ciceronem
1143 1286 1399 1334 dicentem
1460 1288 1760 1349 audivisset,

176 1363 381 1412 flevisse
429 1364 635 1425 dieitur,
681 1366 819 1427 quod
861 1381 952 1428 per
999 1366 1137 1413 1111110
1178 1367 1398 1415 Graecia
1435 1367 1761 1430 eloquentiae

176 1444 328 1492 laude
365 1450 671 1508 privaretur.

242 1526 463 1574 Romam
488 1542 725 1576 reversus
752 1534 994 1591 quaestor
1021 1528 1251 1577 Siciliam
1279 1530 1473 1578 habuit.
1547 1530 1761 1579 Nullius

93 1613 298 1678 {gwere
323 1612 602 1669 quaestura
622 1613 712 1656 aut
732 1609 926 1669 gratior
947 1614 1035 1657 aut
1055 1610 1240 1658 clarior
1264 1611 1395 1671 fuit3
1437 1628 1550 1659 011111
1577 1620 1764 1674 magna

175 1692 288 1735 tum
313 1693 450 1736 esset
475 1697 709 1737 annonae
736 1689 1028 1750 difficultas,
1050 1690 1202 1739 initio
1223 1692 1471 1740 molestus
1493 1697 1603 1740 erat
1626 1693 1763 1741 Siou-

176 1768 256 1829 lis,
292 1777 419 1831 quos
457 1775 662 1831 cogeret
698 1770 963 1819 frumenta
1001 1772 1056 1818 in
1093 1772 1273 1820 urbem
1310 1773 1544 1834 mittere3
1583 1780 1763 1836 postea

176 1857 312 1910 vero,
334 1849 661 1911 diligentiam
680 1856 731 1899 et
748 1851 1002 1900 iustitiam
1022 1857 1073 1900 et
1093 1853 1390 1901 comitatem
1413 1854 1523 1902 eius
1544 1860 1759 1917 experti,

175 1931 395 1979 maiores
416 1937 679 1994 quaestori
704 1940 796 1981 suo
821 1932 1041 1982 honores
1068 1949 1222 1996 quam
1243 1934 1340 1981 ulli
1359 1951 1606 1998 umquam
1623 1951 1762 1998 prae-

175 2016 278 2060 teri
313 2012 625 2061 detulerunt.
698 2003 742 2060 Ε
779 2013 957 2062 Sicilia
986 2030 1221 2063 reversus
1252 2016 1471 2063 Romam
1506 2017 1560 2064 in
1593 2025 1761 2066 oausis

177 2092 411 2141 dicendis
447 2092 522 2141 ita
553 2093 742 2153 floruit,
771 2099 829 2142 ut
855 2094 990 2142 inter
1016 2104 1192 2145 omnes
1220 2104 1490 2145 causarum
1516 2102 1759 2160 patronos

177 2177 228 2219 et
252 2177 389 2221 esset
414 2177 467 2221 et
491 2173 766 2222 haberetur
793 2183 1049 2238 princeps.

651 2393 738 2433 The
769 2394 983 2444 Ancestrgs
1014 2396 1066 2445 of
1097 2394 1300 2436 Catilina

243 2509 433 2558 Consul
471 2509 657 2557 deinde
695 2511 865 2560 faetus
903 2511 960 2558 L.
990 2512 1136 2574 Sergi
1162 2513 1418 2561 Catilinae
1456 2514 1760 2563 coniuratio-

174 2605 291 2637 nem
318 2590 570 2651 singulari
595 2591 803 2653 virtute,
824 2593 1132 2654 constantia,
1155 2601 1276 2641 eura
1301 2595 1618 2657 compressit.
1670 2597 1760 2645 Ca-

1792 1221 1836 1255 10

1791 1624 1835 1659 15

1788 2028 1835 2062 20

174 2670 356 2718 tilinae
394 2687 658 2735 proavum,
699 2673 769 2720 M.
816 2673 1061 2735 Sergium,
1106 2674 1401 2722 incredibili
1448 2675 1758 2725 fortitudine
1786 2685 1831 2720 25

174 2751 338 2800 fuisse
368 2751 573 2800 Plinius
606 2753 780 2801 refert.
857 2754 1130 2818 Stipendia
1155 2754 1198 2802 is
1225 2755 1352 2803 fecit
1374 2757 1596 2805 seeundo
1622 2757 1758 2806 bello

174 2832 385 2879 Punico.
462 2832 694 2881 Secundo
716 2835 977 2896 stipendio
1004 2835 1237 2882 dextram
1265 2852 1472 2884 manum
1500 2838 1755 2900 perdidit;
