2035 3191
235 594 615 662 GNAEUS
685 595 1154 663 POMPEIUS
1227 577 1644 662 MAGNUS.

773 870 881 912 ΗΟ.
917 870 1103 912 loe-48.

539 1110 654 1149 How
688 1111 878 1159 Pompey
911 1110 1040 1150 sared
1071 1110 1138 1148 his
1171 1110 1351 1149 Facher.

225 1206 432 1254 Gnaeus
481 1206 775 1268 Pompeius,
828 1206 1007 1268 stirpis
1061 1205 1365 1265 senateriae,
1416 1204 1553 1252 belle
1601 1204 1748 1252 civili

157 1294 210 1334 se
254 1291 305 1333 et
347 1291 547 1349 pat-rem
590 1287 807 1335 censilie
852 1287 1091 1335 servavit.
1182 1287 1310 1334 Cum
1355 1285 1488 1333 enim
1530 1286 1747 1348 Pompei

156 1372 303 1429 pater
343 1367 594 1415 exercitui
636 1376 728 1417 sue
771 1369 834 1416 ob
873 1368 1147 1416 avaritiam
1189 1372 1324 1416 esset
1362 1367 1578 1427 invisus⁷
1609 1366 1749 1414 facta

156 1448 211 1494 in
247 1464 363 1495 eum
402 1449 799 1512 censpiratiene‚
828 1449 1103 1497 Terentius
1142 1449 1369 1511 quidam,
1399 1448 1566 1496 Gnaei
1602 1448 1749 1494 Pom-

156 1537 241 1591 pei
267 1529 371 1576 filii
397 1530 797 1590 contubernalis,
825 1530 962 1578 hunc
989 1531 1326 1578 occidendum
1354 1529 1595 1591 suscepit,
1625 1529 1747 1575 dum

158 1609 248 1656 alii
284 1611 675 1658 tabernaculum
712 1611 876 1674 patris
915 1612 1264 1659 incenderent.
1339 1610 1478 1667 Quae
1516 1617 1597 1657 res
1631 1625 1747 1657 cum

156 1691 333 1738 iuveni
370 1692 617 1754 Pompeis)
653 1697 861 1740 cenanti
898 1692 1139 1740 nuntiata
1175 1697 1324 1751 esset,
1352 1691 1488 1738 nihil
1518 1690 1749 1753 pericule

156 1778 325 1819 metus
354 1773 507 1820 solite
533 1773 753 1821 hilarius
780 1773 911 1820 bibit
937 1778 988 1821 et
1014 1789 1129 1820 cum
1156 1772 1399 1820 Terentie
1425 1772 1619 1832 eadem,
1648 1779 1750 1834 qua

157 1858 322 1913 antea,
345 1854 588 1901 cemitate
616 1862 739 1903 usus
767 1860 857 1902 est.
933 1855 1135 1901 Deinde
1163 1853 1455 1901 cubiculum
1482 1853 1747 1913 ingressus

156 1934 289 1981 clam
318 1935 565 1982 subduxit
592 1943 644 1982 se
670 1936 896 1983 tenterie
927 1940 978 1982 et
1004 1936 1214 1983 firmam
1242 1939 1380 1997 patri
1406 1933 1748 1981 circumdedit

157 2015 458 2063 custediam.
532 2016 807 2065 Terentius
846 2021 958 2064 tum
997 2017 1244 2065 destricte
1283 2024 1403 2063 ense
1438 2013 1513 2062 'ad
1555 2014 1748 2062 lectum

156 2096 374 2159 Pompei
410 2097 627 2145 accessit
663 2097 947 2160 multisque
985 2097 1174 2145 ictibus
1214 2096 1447 2157 stragula
1476 2095 1744 2158 percussit.

101 2172 286 2225 &Porta
327 2194 447 2225 mox
490 2178 744 2226 seditione
784 2179 1064 2240 Pompeius
1108 2186 1159 2225 se
1210 2178 1264 2224 in
1312 2177 1483 2224 media
1531 2176 1749 2224 coniecit

157 2259 377 2319 agmina,
405 2258 702 2321 militesque
740 2258 1122 2306 tumultuantes
1161 2258 1399 2320 precibus
1436 2263 1486 2304 et
1519 2256 1747 2305 lacrimis

156 2338 386 2401 placavit
411 2347 467 2387 ac
495 2339 613 2387 duci
638 2339 1008 2386 reconciliavit.

512 2489 625 2527 Hom·
657 2489 707 2527 hv
741 2500 832 2527 zeon
867 2489 935 2528 the
969 2489 1117 2526 Fam*
1147 2488 1198 2537 cf
1225 2487 1367 2527 Sulla.

222 2605 419 2654 Eedem
459 2605 595 2653 belle
636 2606 917 2669 Pompeius
967 2611 1140 2669 partes
1192 2605 1365 2653 Sullae
1416 2608 1623 2652 secutus
1673 2603 1749 2652 ita

155 2694 209 2733 se
247 2686 420 2747 gessit,
464 2691 523 2734 ut
561 2686 625 2734 ab
667 2695 725 2734 ee
767 2687 990 2734 maxime
1031 2686 1350 2748 diligeretur.
1424 2685 1604 2733 Annes
1641 2690 1746 2732 tres

154 2772 205 2814 et
253 2766 442 2828 viginti
486 2772 654 2827 natus,
703 2772 762 2814 ut
806 2767 979 2815 Sullae
1029 2767 1225 2815 auxilie
1273 2771 1491 2827 veniret,
1541 2771 1748 2829 paterni

154 2848 411 2895 exercitus
466 2847 712 2909 reliquias
768 2848 1008 2909 conlegit,
1061 2848 1342 2909 statimque
1394 2848 1497 2894 dux
1546 2851 1745 2909 peritus

422 2941 445 2966 13
933 2930 950 2967 1

1800 1542 1822 1575 :a
