2035 3191
158 181 224 233 10
531 187 712 228 URBIS
757 186 970 227 ROMAE
1014 186 1146 226 VIRI
1186 185 1530 227 INLUSTRES.

228 334 414 382 xandri
439 333 664 395 imagine
691 333 946 394 ingemuit
972 338 1023 380 et
1050 333 1198 395 quasi
1245 338 1512 396 pertaesus
1553 334 1810 395 ignaviam

230 431 389 475 suam,
431 414 570 477 quod
617 413 877 460 nihildum
916 421 946 461 a
982 421 1035 461 se
1077 413 1409 461 memorabile
1458 418 1630 461 aetum
1678 420 1815 464 esset

229 496 282 543 in
309 504 369 544 ea
394 500 562 543 aetate
590 502 692 558 qua
716 494 817 542 iani
846 494 1144 542 Alexander
1175 495 1347 542 orbem
1385 499 1638 543 terrarum
1673 497 1815 544 sube-

230 578 404 638 gisset,
443 576 742 625 missienem
787 575 1032 624 continue
1081 575 1385 636 efflagitavit
1427 576 1492 624 ad
1530 577 1812 639 captandas

179 672 200 705 5
229 674 382 720 quam
408 665 632 720 primum
660 656 911 705 meierum
938 665 1106 704 rerum
1134 656 1424 705 oeeasienes
1449 656 1504 703 in
1528 657 1665 705 urbe.

295 738 500 787 Aedilis
527 743 732 801 praeter
770 737 1051 786 Comitium
1092 744 1149 784 ae
1189 737 1379 784 Forum
1415 737 1571 785 etiam
1612 734 1891 801 Capite-¹³65?

228 820 357 866 lium
384 819 587 867 ernavit
624 818 923 881 porticibus.
997 817 1315 866 Venatienes
1353 822 1523 866 autem
1563 818 1813 882 ludesque

228 906 280 948 et
317 917 431 948 eum
480 899 694 961 conlega
731 901 800 947 M.
843 898 1032 947 Bibule
1069 903 1120 946 et
1157 898 1435 962 separatim
1485 898 1673 961 edidit3
1714 908 1815 962 que

229 982 425 1029 factum
451 985 544 1041 est,
572 984 630 1028 ut
654 980 1003 1028 communium
1043 995 1246 1043 quoque
1286 979 1635 1043 impensarum
1674 980 1814 1029 selus

157 1076 202 1111 10
229 1062 451 1123 gratiam
489 1066 708 1124 caperet.
782 1062 885 1110 His
912 1066 1083 1109 autem
1110 1061 1261 1109 rebus
1289 1060 1660 1124 patrimenium
1693 1061 1815 1109 effu-

229 1143 309 1190 dit
346 1147 652 1205 tantumque
690 1142 935 1190 cenflavit
975 1158 1059 1191 aes
1099 1142 1341 1203 alienum,
1370 1147 1427 1190 ut
1451 1142 1563 1205 ipse
1603 1142 1796 1190 diceret

230 1223 329 1273 sibi
355 1240 482 1287 opus
509 1239 619 1273 esse
644 1223 852 1272 miliens
879 1223 1191 1285 sestertium,
1218 1228 1278 1272 ut
1302 1223 1517 1272 haberet
1541 1222 1687 1270 nihil.

819 1460 872 1499 H
872 1461 908 1499 is
944 1459 1222 1510 Consulship.

295 1577 486 1627 Censul
525 1577 710 1625 deinde
748 1581 949 1625 creatus
992 1592 1107 1624 eum
1157 1578 1227 1623 M.
1269 1577 1472 1638 Bibule,
1512 1577 1810 1626 societatem

227 1673 337 1705 eum
369 1658 547 1706 Gnaee
576 1657 825 1720 Pompeie
863 1661 915 1704 et
951 1657 1129 1706 Marce
1169 1657 1355 1706 Crasse
1393 1657 1567 1706 iunxit
1606 1658 1809 1720 Caesar,
1831 1660 1899 1726 Ἐξ

154 1750 198 1784 15
226 1747 290 1786 ne
316 1738 444 1801 quid
479 1742 717 1799 ageretur
742 1737 796 1784 in
822 1745 876 1785 re
901 1737 1124 1801 publiea,
1152 1738 1290 1801 quod
1327 1738 1681 1801 displicuisset
1716 1739 1814 1786 ulli

227 1834 290 1866 ex
337 1818 517 1867 tribus.
591 1817 793 1866 Deinde
841 1818 1004 1879 legem
1054 1818 1193 1879 tulit,
1243 1823 1301 1866 ut
1349 1834 1468 1880 ager
1517 1819 1811 1883 Campanus

226 1899 367 1961 plebi
404 1898 737 1946 divideretur.
811 1898 907 1947 Cui
945 1898 1048 1960 legi
1083 1914 1199 1946 eum
1238 1904 1447 1947 senatus
1486 1905 1809 1962 repugnaret,

227 1994 333 2026 rem
360 1980 423 2027 ad
454 1979 702 2042 populum
744 1978 944 2027 detulit.
1020 1979 1239 2027 Bibulus
1276 1979 1489 2041 conlega
1526 1980 1581 2027 in
1619 1981 1811 2029 Forum

226 2060 385 2119 venit,
412 2065 471 2107 ut
496 2060 600 2121 legi
626 2060 914 2120 obsisteret,
943 2060 1033 2108 sed
1057 2064 1205 2108 tanta
1229 2060 1283 2107 in
1310 2075 1425 2108 eum
1452 2066 1708 2110 commeta
1732 2066 1811 2111 est

152 2152 200 2187 20
227 2140 429 2199 seditie,
450 2145 509 2188 ut
529 2141 696 2188 fasces
724 2148 771 2188 ei
791 2141 1156 2202 frangerentur
1182 2146 1337 2203 atque
1363 2141 1490 2189 adee
1515 2141 1627 2205 ipse
1653 2150 1809 2191 armis

225 2221 357 2269 Fore
384 2220 744 2284 expelleretur.
818 2221 930 2277 Qua
955 2229 1008 2268 re
1034 2237 1149 2269 eum
1188 2221 1407 2270 Bibulus
1435 2237 1525 2285 per
1551 2221 1810 2286 reliquum

225 2309 349 2348 anni
373 2306 578 2364 tempus
605 2302 755 2350 dome
782 2301 989 2350 abditus
1005 2301 1160 2351 Curia
1185 2301 1482 2362 abstineret,
1503 2311 1637 2352 unus
1664 2318 1726 2351 ex
1752 2311 1811 2352 ee

224 2386 455 2445 tempore
493 2382 680 2431 Caesar
718 2382 892 2430 omnia
917 2382 970 2429 in
999 2391 1052 2430 re
1078 2382 1286 2445 publiea
1324 2384 1390 2431 ad
1429 2383 1701 2431 arbitrium
1727 2383 1811 2431 ad-

224 2462 569 2523 ministrabat,
597 2468 655 2510 ut
691 2463 929 2511 nennulli
967 2463 1296 2522 urbanerum,
1335 2471 1379 2511 si
1416 2463 1543 2526 quid
1580 2464 1809 2512 testandi

150 2556 196 2591 25
224 2543 392 2602 gratia
418 2549 696 2604 signarent,
720 2559 810 2606 per
835 2543 1002 2592 iocum
1028 2551 1145 2603 nen,
1173 2548 1231 2591 ut
1256 2551 1366 2591 mes
1393 2548 1517 2602 erat,
1547 2548 1575 2570 “
1592 2544 1810 2593 eensuli-

223 2624 318 2671 bus
340 2624 558 2672 Caesare
586 2629 637 2671 et
663 2624 852 2672 Bibule
871 2628 1043 2672 aetum
1062 2624 1089 2647 ⁷²
1112 2624 1411 2683 seriberent,
1431 2624 1521 2672 sed
1550 2628 1576 2651 ‘⁴
1594 2624 1731 2672 Iulie
1757 2629 1808 2672 et

224 2703 488 2764 Caesare,⁷⁷
526 2713 685 2751 unum
730 2704 993 2753 eensulem
1038 2703 1244 2752 nemine
1283 2709 1333 2751 et
1370 2704 1673 2765 oegnemine
1716 2712 1808 2767 pre

223 2783 421 2832 duebus
462 2784 801 2846 appellantes.
