2035 3191
54 1853 124 1877 B.C.

147 659 506 726 CAESAR
557 659 1157 727 OCTAVIANUS
1205 660 1723 729 AUGUSTUS.

708 891 822 933 B.C.
849 891 1060 932 63-A.D.
1087 891 1156 933 14.

475 1101 743 1142 Octavianus
774 1106 819 1140 at
850 1101 918 1141 the
953 1099 1079 1151 Sz‘eqe
1112 1101 1164 1151 of
1187 1101 1396 1143 Modena.

206 1211 537 1271 Octavianus,
587 1211 770 1271 Iuliae,
822 1211 922 1259 Gai
981 1211 1218 1259 Caesaris
1279 1212 1484 1271 soleris,
1545 1220 1722 1276 nepeS‚

139 1296 380 1354 quartum
418 1307 610 1340 annum
646 1299 803 1353 agens
840 1295 1042 1354 patrem
1079 1291 1269 1339 amisit.
1349 1291 1432 1339 Ab
1469 1293 1724 1341 avuncule

138 1373 413 1435 adoptatus
434 1373 725 1435 profectum
752 1388 868 1419 eum
893 1372 948 1418 in
969 1371 1258 1434 Hispanias
1280 1372 1528 1421 adversus
1557 1374 1724 1422 Gnaei

136 1453 354 1515 Pompei
378 1453 567 1501 liberes
595 1457 800 1500 secutus
827 1456 918 1501 est.
992 1452 1195 1500 Deinde
1222 1453 1284 1500 ab
1310 1460 1368 1500 ee
1388 1452 1722 1515 Apolleniam

137 1533 326 1581 missus
366 1533 552 1581 studiis
589 1533 809 1581 vacavit.
884 1535 1063 1595 thue
1100 1541 1325 1595 primum
1351 1541 1576 1582 occisum
1603 1535 1723 1583 Cae-

139 1629 303 1662 sarem
342 1614 687 1676 heredemque
731 1621 783 1661 se
826 1613 1090 1676 comperit,
1134 1613 1189 1660 in
1230 1613 1410 1661 urbem
1458 1630 1720 1676 regressus

136 1694 478 1742 hereditatem
504 1694 648 1755 adiit,
670 1702 858 1742 nemen
879 1694 1113 1743 Caesaris
1141 1694 1364 1757 sumpsit
1389 1695 1719 1759 conlecteque

136 1779 496 1823 veteranerum
539 1774 771 1822 exercitu
807 1790 955 1837 opem
995 1774 1210 1822 Decime
1247 1775 1410 1823 Brute
1448 1775 1588 1836 tulit,
1630 1785 1720 1839 qui

136 1856 202 1904 ab
237 1855 467 1904 Antenie
504 1855 739 1903 Mutinae
777 1855 1122 1903 obsidebatur.
1198 1855 1327 1903 Cum
1365 1861 1538 1903 autem
1575 1857 1718 1905 urbis

136 1936 284 1984 aditu
318 1936 693 1999 prohiberetur,
719 1940 779 1983 ut
815 1936 1034 1983 Brutum
1073 1936 1136 1983 de
1170 1936 1408 1984 omnibus
1438 1937 1590 2004 rebus
1619 1953 1719 1984 cer-

135 2017 320 2065 tierem
358 2017 567 2076 faceret,
602 2024 769 2079 prime
805 2016 1008 2064 litteras
1045 2016 1189 2064 misit
1220 2016 1476 2079 plumbeis
1507 2017 1717 2066 laminis

137 2102 428 2159 inscriptas,
469 2104 596 2159 quas
653 2097 719 2144 ad
772 2097 1068 2144 bracchium
1125 2097 1372 2158 religatas
1424 2102 1716 2148 sirinateres

139 2177 469 2224 Scultennam
508 2192 710 2224 amnem
747 2182 1012 2225 tranantes
1040 2177 1105 2224 ad
1136 2178 1358 2224 Brutum
1395 2177 1713 2226 deferebant.

135 2258 271 2314 Quin
295 2262 347 2305 et
371 2257 552 2304 avibus
579 2257 916 2304 internuntiis
941 2257 1197 2304 utebatur.
1272 2257 1536 2306 Columbis
1564 2259 1715 2319 enim,

136 2345 262 2400 quas
289 2337 516 2386 inclusas
543 2342 660 2385 ante
687 2337 826 2385 fame
853 2337 1133 2397 adfecerat,
1155 2337 1407 2400 epistulas
1433 2338 1499 2385 ad
1526 2338 1716 2385 collum

136 2418 388 2479 religabat
424 2425 611 2480 easque
648 2426 678 2465 a
713 2418 949 2480 proxime
982 2417 1249 2465 moenibus
1283 2417 1395 2465 loce
1429 2418 1713 2466 emittebat.

136 2498 282 2559 Illae,
308 2498 439 2546 lucis
476 2499 679 2561 cibique
717 2498 913 2558 avidae,
953 2498 1208 2546 altissima
1244 2496 1599 2546 aedificierum
1635 2514 1718 2561 pe-

136 2582 304 2627 tentes
341 2578 730 2641 excipiebantur
767 2587 797 2626 a
833 2579 1045 2626 Decime
1083 2579 1275 2638 Brute;
1326 2586 1418 2641 qui
1464 2586 1524 2626 ee
1565 2579 1716 2626 mode

135 2659 199 2706 de
229 2659 465 2707 omnibus
495 2659 645 2707 rebus
676 2659 862 2707 certior
898 2659 1077 2718 fiebat,
1105 2659 1286 2721 utique
1317 2663 1593 2722 postquam
1619 2659 1716 2707 dis-

135 2739 303 2801 posite
345 2739 653 2802 quibusdam
691 2739 816 2786 locis
854 2739 967 2787 cibe
1004 2739 1267 2787 columbas
1305 2739 1430 2786 illuc
1474 2739 1714 2788 devolare

135 2819 446 2869 instituerat.

888 2888 937 2926 27

1747 1952 1793 1988 10

1747 2354 1789 2387 lsi

1744 2754 1791 2788 20
