2035 3191
437 194 672 234 CAESAR
716 196 1105 237 OCTAVIANUS
1146 199 1474 243 AUGUSTUS.
1760 203 1824 252 35

465 378 552 417 His
583 379 756 419 fllodest
787 381 960 420 Home:
1003 383 1088 420 His
1119 383 1422 432 Appecerance.

214 494 492 542 Habitavit
517 495 788 557 Augustus
818 497 870 544 in
902 499 1117 547 aedibus
1148 501 1378 559 modicis,
1407 517 1573 565 neque
1608 504 1732 551 laxi·

146 579 253 622 tate
280 590 447 638 neque
473 576 618 624 cultu
643 578 949 640 conspicuis,
972 587 1030 627 ac
1055 596 1146 642 per
1172 590 1332 630 anncs
1360 583 1585 645 amplius
1614 600 1731 646 qua-

144 656 386 717 draginta
422 656 477 703 in
510 657 689 705 ecdem
723 658 958 707 cubiculc
991 660 1161 708 hieme
1196 666 1248 708 et
1285 668 1481 710 aestate
1519 665 1725 713 mansit.

148 737 393 801 Supellex
442 754 645 801 quoque
694 740 803 788 eius
846 741 936 788 vix
984 747 1217 804 privatae
1267 743 1554 803 elegantiae
1603 749 1726 792 erat.

146 818 286 866 Rar6
322 824 465 867 veste
504 819 607 867 alia
634 828 757 869 usus
789 826 868 869 est
903 838 1057 884 quam
1088 824 1327 871 ccnfecta
1356 824 1418 871 ab
1452 832 1625 879 uxore,
1657 841 1729 872 so·
1779 841 1802 875 5

146 906 275 959 rere,
314 899 432 947 filia
468 900 826 964 neptibusque.
903 903 1039 950 Item
1077 908 1251 950 tamen
1300 905 1534 962 Rcmam,
1574 920 1727 966 quam

146 987 238 1042 prc')
254 979 525 1028 maiestate
545 981 750 1044 imperii
769 990 868 1030 ncn
893 983 1020 1032 satis
1042 989 1274 1032 Ornatam
1297 984 1582 1041 invenerat,
1602 986 1729 1033 adec

145 1060 384 1121 excoluit,
407 1066 466 1108 ut
492 1061 599 1110 iure
627 1062 953 1124 glcriaretur,
976 1080 1314 1113 marmoream
1342 1073 1394 1113 se
1420 1065 1727 1127 relinquere,

146 1157 299 1204 quam
325 1141 612 1190 latericiam
639 1144 936 1206 accepisset.

589 1745 716 1777 Booxs
741 1753 819 1776 AND
844 1745 1022 1778 WRITING
1047 1746 1282 1779 MATERIAL&

209 1888 399 1936 Farma
434 1887 538 1934 fuit
574 1887 842 1949 Augustus
881 1888 1074 1936 eximia
1110 1894 1161 1937 et
1197 1905 1288 1952 per
1327 1899 1502 1939 omnes
1540 1892 1726 1940 aetatis
1755 1905 1801 1940 10

143 1968 333 2028 gradus
353 1967 738 2017 venustissima.
802 1970 931 2016 Erat
965 1975 1141 2018 tamen
1175 1971 1341 2019 onmis
1368 1971 1614 2022 lenocinii
1647 1988 1728 2020 ne-

144 2048 352 2110 glegens
379 2054 430 2096 et
455 2049 510 2096 in
529 2050 697 2112 capite
719 2050 967 2098 cemendc
988 2056 1095 2099 tam
1117 2051 1423 2113 incuricsus,
1446 2058 1504 2100 ut
1530 2061 1588 2101 ec
1614 2053 1727 2115 ipsc

142 2124 387 2192 tempore,
416 2138 517 2193 quc
542 2130 675 2178 illud
700 2131 996 2180 tcnscribus
1031 2133 1392 2194 committeret,
1420 2139 1508 2181 aut
1534 2134 1726 2194 legeret

143 2210 342 2273 aliquid
368 2216 456 2259 aut
482 2211 638 2259 etiam
666 2212 923 2260 scriberet.

559 2407 649 2449 lee
682 2410 788 2450 Last
826 2410 962 2450 Years
993 2411 1046 2461 of
1068 2410 1316 2461 Auyustus.

207 2527 395 2575 Paucis
434 2534 581 2575 annis
620 2532 899 2590 antequam
935 2533 1235 2588 moreretur,
1276 2528 1637 2590 gravissimam
1673 2530 1728 2577 in
1756 2537 1800 2572 15

144 2606 423 2655 Germania
458 2608 658 2670 accepit
691 2608 907 2669 cladem,
935 2609 1102 2657 tribus
1133 2609 1424 2670 legicnibus
1454 2626 1567 2658 cuin
1600 2611 1727 2674 duce

141 2688 279 2736 Varc
303 2687 594 2751 legatisque
621 2694 672 2736 et
698 2689 908 2738 auxiliis
937 2689 1174 2739 omnibus
1201 2698 1376 2739 caesis.
1462 2692 1576 2739 Hac
1603 2700 1729 2739 nun-

141 2767 272 2816 tiata
292 2768 533 2817 excubias
554 2785 645 2832 per
664 2771 844 2818 urbem
865 2771 1071 2831 indixit,
1094 2779 1156 2819 ne
1178 2771 1294 2835 quis
1315 2772 1572 2821 tumultus
1600 2773 1728 2821 exsi-

142 2852 315 2900 steret,
343 2854 394 2896 et
431 2857 645 2910 magnes
671 2850 819 2900 ludcs
847 2853 962 2899 Iovi
998 2852 1194 2915 optimc
1230 2852 1457 2901 maxima
1488 2854 1647 2915 vcvit,
1685 2863 1728 2902 si
