2035 3191
542 200 783 242 GNAEUS
823 199 1128 267 POMJOEIUS
1169 199 1432 238 MAGNUS.
1823 194 1854 245 5

194 354 486 415 opportuna
505 347 725 396 dabatur
746 345 1015 409 pugnandi
1034 344 1273 405 facultas,
1296 344 1419 407 quia
1443 344 1780 395 Mithridates

193 430 427 479 interdiu
462 433 646 478 castris
674 435 727 475 se
753 426 1067 486 continebat,
1094 430 1251 473 noctu
1276 432 1398 473 vere
1433 425 1574 473 haud
1608 430 1781 474 tutum

194 516 304 560 erat
322 510 566 572 congredi
590 524 706 556 cum
731 507 881 556 hoste
906 506 962 553 in
987 506 1114 554 locis
1136 511 1340 567 ignetis.
1414 506 1580 554 Nocte
1606 511 1781 555 tamen
1836 495 1839 498 “

193 591 476 655 aliquande
496 606 610 638 cum
637 588 918 651 Pompeius
945 587 1312 635 Mithridatem
1334 602 1605 649 aggressus
1627 593 1778 648 esset,

194 674 319 721 luna
342 679 528 733 magne
554 670 660 718 fuit
684 668 936 718 Remanis
962 668 1274 716 adiumento.
1349 668 1511 724 Quam
1540 683 1657 715 cum
1683 669 1781 716 Re·
1833 684 1854 715 5

193 761 335 802 mani
364 761 395 801 a
421 757 566 813 terge
603 751 871 810 haberent,
898 749 1112 798 umbrae
1138 764 1409 811 corporum
1438 749 1643 810 longius
1669 757 1782 812 pre-

192 835 354 883 iectae
382 834 447 882 ad
474 840 668 896 primes
691 840 869 894 usque
907 830 1136 879 hostium
1174 829 1379 878 erdines
1416 829 1777 893 pertinebant3

193 916 328 963 unde
355 915 561 977 decepti
586 913 717 975 regii
744 911 939 960 milites
966 911 1023 958 in
1046 911 1269 971 umbras,
1296 915 1563 974 tamquam
1590 911 1646 958 in
1670 927 1780 974 pro-

193 997 447 1059 pinquum
472 995 690 1054 hostem,
718 993 825 1041 tela
850 993 1143 1040 mittebant.
1217 992 1402 1041 Victus
1439 992 1778 1040 Mithridates

111 1077 179 1119 ΒΡ·
193 1077 247 1124 111
286 1078 513 1124 Pontum
552 1074 800 1138 profugit.
874 1074 1170 1122 Pharnaces
1205 1073 1353 1121 filius
1392 1072 1588 1120 bellum
1622 1081 1669 1120 ei
1707 1073 1780 1120 in-
1808 1086 1853 1121 10

190 1157 330 1218 tulit,
376 1165 480 1220 qui,
521 1163 701 1204 occisis
745 1163 775 1203 a
817 1159 965 1218 patre
1007 1154 1277 1214 fratribus,
1320 1159 1461 1201 vitae
1505 1169 1625 1202 suae
1667 1154 1778 1216 ipse

190 1239 418 1287 timebat.
492 1237 830 1285 Mithridates
857 1244 886 1284 a
910 1235 1028 1284 filie
1053 1235 1293 1284 obsessus
1319 1243 1577 1282 venenum
1609 1243 1780 1297 sump-

191 1320 288 1381 sit3
329 1319 467 1382 quod
503 1333 619 1366 cum
659 1317 859 1365 tardius
900 1317 1111 1377 subiret,
1140 1317 1263 1379 quia
1302 1316 1549 1364 adversus
1580 1324 1780 1363 venena

190 1400 371 1449 multis
397 1404 551 1448 antea
575 1399 970 1447 medicamentis
997 1413 1181 1460 corpus
1207 1398 1528 1458 firmaverat,
1556 1405 1586 1445 a
1610 1397 1778 1444 milite

191 1481 359 1543 Galle,
387 1489 417 1530 a
442 1488 543 1544 que
568 1484 627 1528 ut
653 1479 924 1528 adiuvaret
951 1487 1003 1527 se
1030 1478 1267 1542 petierat,
1295 1478 1604 1527 interfectus
1643 1483 1734 1526 est.
1806 1489 1851 1525 15

620 1701 854 1751 Pompegs's
895 1698 1104 1741 Victor-ies
1135 1702 1183 1740 in
1213 1700 1339 1740 Asia.

255 1821 470 1883 Tigrani
529 1820 729 1880 deinde,
782 1819 1059 1866 Armeniae
1119 1826 1242 1880 regi,
1294 1826 1383 1881 qui
1444 1818 1774 1867 Mithridatis

188 1906 362 1965 partes
390 1906 598 1951 secutus
638 1906 763 1956 erat,
792 1900 1073 1963 Pompeius
1114 1899 1308 1947 bellum
1348 1899 1530 1947 intulit
1556 1915 1774 1962 eumque

187 1983 253 2031 ad
301 1982 617 2031 deditienem
667 1981 931 2045 compulit.
1006 1981 1105 2038 Qui
1147 1996 1262 2028 cum
1311 1981 1673 2043 procubuisset
1709 1981 1775 2028 ad

187 2079 354 2125 genua
390 2064 621 2126 Pompei,
649 2079 765 2111 eum
806 2062 985 2123 erexit,
1014 2067 1065 2110 et
1101 2062 1338 2123 benignis
1376 2062 1548 2110 verbis
1587 2069 1774 2109 recrea-

186 2149 299 2192 tum
336 2145 587 2203 diadema,
633 2145 768 2206 quod
809 2144 1081 2199 abiecerat,
1119 2143 1281 2206 capiti
1320 2151 1564 2206 repenere
1604 2143 1772 2203 iussit,
1800 2152 1848 2188 20

187 2233 347 2288 aeque
407 2225 682 2287 pulchrum
731 2240 841 2272 esse
889 2225 1124 2273 iudicans
1174 2229 1225 2272 et
1274 2224 1478 2272 vincere
1529 2232 1673 2285 reges
1723 2229 1774 2272 et

187 2307 369 2355 facere.
446 2306 575 2353 Inde
614 2306 666 2352 in
704 2305 950 2353 Iudaeam
989 2306 1253 2368 profectus
1293 2306 1643 2354 Remanerum
1676 2313 1773 2367 pri-

186 2404 300 2436 mus
327 2387 547 2436 Iudaees
575 2387 789 2440 domuit,
819 2386 1201 2450 Hierosolyma,
1224 2392 1379 2449 caput
1405 2382 1589 2447 gentis,
1618 2386 1771 2448 cepit,

186 2468 541 2532 templumque
563 2468 672 2515 iure
694 2468 939 2516 victoriae
962 2468 1225 2530 ingressus
1252 2473 1344 2515 est.
1419 2467 1593 2516 Rebus
1616 2467 1772 2515 Asiae

186 2549 486 2612 compositis
522 2550 578 2596 in
616 2539 827 2598 Ttaliam
854 2564 1032 2598 versus
1073 2549 1139 2597 ad
1179 2548 1357 2597 urbem
1385 2548 1541 2610 venit,
1568 2556 1687 2609 nen,
1715 2553 1774 2596 ut
1799 2560 1846 2596 25

185 2630 420 2692 plerique
460 2630 759 2691 timuerant,
791 2636 1036 2692 armatus,
1066 2630 1154 2692 sed
1193 2630 1408 2679 dimisse
1448 2629 1693 2690 exercitu,
1722 2634 1773 2677 et

104 2711 172 2775 Ἠ
186 2710 400 2758 tertium
426 2710 750 2774 triumphum
775 2711 932 2760 bidue
959 2712 1124 2759 duxit.
1199 2701 1433 2774 Tnsignis
1460 2711 1566 2759 fuit
1590 2710 1771 2758 multis

184 2799 333 2840 novis
381 2791 750 2856 inusitatisque
800 2798 1118 2842 Ornamentis
1166 2793 1251 2841 hic
1299 2792 1626 2856 triumphus;
1682 2791 1772 2840 sed

184 2873 318 2920 nihil
365 2873 640 2922 inlustrius
677 2882 862 2935 visum,
902 2891 1057 2938 quam
1101 2875 1238 2938 quod
1279 2875 1446 2923 tribus
1490 2873 1771 2936 triumphis
