2035 3191
111 194 177 244 22
483 195 662 235 ITRBIS
706 193 919 234 ROMAE
962 193 1094 231 VIBI
1135 191 1480 232 INLUSTRES.

183 344 459 408 stipendiis
489 343 689 391 duobus
724 347 802 389 ter
837 345 888 388 et
924 339 1120 388 viciens
1151 339 1449 387 volneratus
1478 343 1584 400 est3
1626 339 1688 387 ob
1713 338 1768 386 id

181 432 366 475 neutra
418 432 587 484 mansi,
638 427 823 470 neutro
877 421 1006 484 pede
1051 420 1176 469 satis
1220 420 1381 479 utilis,
1422 419 1766 483 plurimisque

181 512 363 571 postea
399 504 674 568 stipendiis
702 502 888 551 debilis
914 502 1063 550 miles
1090 506 1214 549 erat.
1265 500 1356 549 Bis
1383 501 1446 548 ab
1471 500 1767 548 Hannibale

183 593 379 651 captus,
405 586 484 635 bis
510 584 835 633 vinculorum
862 582 972 631 eius
998 582 1263 645 profugus,
1289 580 1480 642 viginti
1505 581 1768 629 mensibus

133 683 155 718 5
183 669 326 717 nullo
373 675 478 716 nou
525 666 607 714 die
642 665 695 713 in
732 669 928 713 catenis
966 669 1055 711 aut
1088 662 1419 725 compedibus
1463 662 1765 710 custoditus.

185 750 408 799 Sinistra
454 755 610 795 mansi
659 746 768 794 sola
816 749 999 808 quater
1058 742 1325 806 pugnavit,
1376 743 1574 790 duobus
1623 749 1768 804 equis

184 830 441 879 insidente
491 837 549 876 eo
598 827 847 876 suffossis
928 826 1179 873 Dextram
1230 823 1329 872 sibi
1373 824 1595 871 ferream
1642 822 1771 870 fecit

184 920 345 974 eaque
376 910 595 971 religata
620 907 903 971 proeliatus
931 907 1235 955 Cremonam
1270 904 1536 953 obsidione
1562 903 1769 963 exemit,

183 992 507 1041 Placentiam
550 994 753 1038 tutatus
797 993 889 1048 est,
940 987 1178 1035 duodena
1225 990 1393 1034 castra
1439 984 1669 1033 hostium
1718 984 1772 1030 in

113 1086 158 1122 10
186 1073 362 1123 Gallia
377 1072 527 1135 cepit.
573 1071 785 1119 “Ceteri
801 1068 1084 1132 p1·0fe0to,³⁷
1100 1067 1306 1115 Plinius
1328 1066 1490 1125 addit,
1510 1066 1772 1113 “victores

186 1155 453 1203 hominum
479 1153 639 1209 fuere,
670 1151 879 1212 Sergius
908 1149 1033 1197 vicit
1060 1149 1216 1196 etiam
1243 1147 1556 1195 fortunam.⁷⁷

663 1355 750 1394 lee
784 1355 981 1393 Famous
1019 1352 1301 1402 Cs*o›28pz'›·(wpl.

258 1488 582 1551 Singularem
620 1486 775 1533 huius
812 1484 915 1531 viri
954 1484 1171 1546 gloriam
1211 1484 1363 1531 foede
1412 1483 1776 1531 dehonestavit

188 1569 486 1635 pronepotis
514 1567 694 1617 scelus.
769 1566 874 1613 Hic
900 1565 1037 1613 enim
1064 1572 1138 1612 rei
1163 1564 1455 1624 familiaris,
1485 1580 1639 1627 quam
1665 1579 1776 1627 pro-

188 1653 411 1712 fuderat,
454 1649 630 1712 inopia
662 1647 1047 1709 multorumque
1086 1645 1335 1694 scelerum
1372 1645 1688 1694 conscientia
1724 1645 1777 1692 in

118 1744 162 1780 15
188 1734 415 1782 furorem
442 1736 587 1780 actus
622 1735 673 1778 et
709 1728 1013 1777 dominandi
1043 1726 1329 1790 cupiditate
1366 1727 1621 1787 incensus,
1649 1726 1778 1774 indi-

190 1819 478 1876 gnatusque
497 1812 635 1875 quod
647 1811 702 1858 in
723 1809 975 1873 petitione
997 1808 1294 1857 consulatus
1316 1808 1573 1871 repulsam
1593 1823 1777 1871 passus

191 1900 341 1955 esset,
363 1892 715 1943 coniuratione
752 1891 907 1949 facta,
949 1895 1186 1938 senatum
1223 1890 1514 1950 confodere,
1542 1889 1777 1937 consules

190 1976 463 2034 trucidare,
501 1974 681 2022 urbem
717 1972 1006 2032 incendere,
1042 1970 1266 2034 diripere
1303 1971 1557 2020 aerarium
1595 1969 1866 2037 consti-¹³55·

191 2062 375 2105 tuerat.
449 2056 640 2103 Actum
667 2058 778 2102 erat
803 2054 866 2101 de
904 2051 1252 2116 pulcherrimo
1289 2052 1521 2115 imperio,
1548 2051 1649 2100 nisi
1686 2051 1780 2098 illa

119 2150 166 2186 20
192 2137 478 2187 coniuratio
520 2136 575 2184 in
613 2135 911 2185 Ciceronem
949 2138 1001 2182 et
1039 2133 1329 2182 Antonium
1379 2133 1614 2182 consules
1658 2131 1780 2179 inci-

193 2220 371 2280 disset,
393 2226 609 2281 quorum
636 2216 766 2265 alter
785 2214 1046 2264 industria
1066 2230 1174 2264 rem
1191 2215 1453 2278 patefecit,
1473 2214 1604 2263 alter
1623 2221 1780 2262 manu

193 2299 465 2365 oppressit.
544 2299 673 2347 Cum
711 2298 887 2347 Cicero
925 2297 1106 2346 habito
1146 2301 1329 2345 senatu
1366 2296 1419 2343 in
1456 2301 1778 2359 praesentem

193 2398 337 2430 reum
374 2385 681 2445 perorasset,
726 2379 967 2440 Catilina,
1010 2378 1306 2427 incendium
1345 2393 1493 2425 suum
1541 2384 1691 2424 ruina
1727 2383 1780 2422 se

195 2464 564 2511 restincturum
603 2477 713 2509 esse
752 2460 1018 2520 minitans,
1047 2460 1216 2507 Roma
1252 2458 1487 2521 profugit
1524 2462 1575 2504 et
1608 2457 1673 2504 ad
1700 2471 1781 2503 ex-

123 2555 168 2590 25
195 2545 412 2592 ercitum
450 2559 603 2607 quem
639 2546 928 2606 paraverat,
956 2540 1316 2604 proficiscitur,
1340 2547 1487 2600 signa
1523 2537 1780 2585 inlaturus

195 2626 325 2674 urbi,
400 2625 501 2673 Sed
538 2624 665 2673 socii
702 2623 826 2684 eius,
865 2630 956 2685 qui
994 2622 1047 2669 in
1084 2621 1208 2669 urbe
1246 2624 1615 2680 remanserant,
1653 2634 1783 2666 com-

196 2706 441 2770 prehensi
465 2705 519 2753 in
546 2719 746 2753 carcere
771 2708 942 2751 necati
969 2707 1101 2750 sunt.
1176 2701 1236 2748 A.
1266 2700 1500 2761 Fulvius,
1526 2700 1606 2748 vir
1643 2707 1782 2748 sena-

197 2787 320 2836 torii
346 2786 559 2846 ordinis,
581 2785 771 2846 filium,
798 2785 1038 2832 iuvenem
1065 2788 1116 2830 et
1141 2782 1349 2844 ingenio
1376 2786 1426 2830 et
1452 2782 1622 2830 forma
1645 2780 1783 2828 inter

198 2868 440 2931 aequales
478 2867 747 2927 nitentem,
774 2873 936 2928 pravo
961 2863 1176 2912 consilio
1203 2863 1462 2912 Catilinae
1499 2861 1781 2909 amicitiam
