<?xml version="1.0" encoding="UTF-8"?>
<!DOCTYPE html PUBLIC "-//W3C//DTD XHTML 1.0 Transitional//EN"
    "http://www.w3.org/TR/xhtml1/DTD/xhtml1-transitional.dtd">
<html xmlns="http://www.w3.org/1999/xhtml" xml:lang="en" lang="en">
 <head>
  <title>
</title>
<meta http-equiv="Content-Type" content="text/html;charset=utf-8" />
  <meta name='ocr-system' content='tesseract 3.04.00' />
  <meta name='ocr-capabilities' content='ocr_page ocr_carea ocr_par ocr_line ocrx_word'/>
</head>
<body>
  <div class='ocr_page' id='page_1' title='image "./selectionsfromlh00lhom_0046.png"; bbox 0 0 2035 3191; ppageno 0'>
   <div class='ocr_carea' id='block_1_1' title="bbox 215 172 1575 225">
    <p class='ocr_par' dir='ltr' id='par_1_1' title="bbox 215 172 1575 225">
     <span class='ocr_line' id='line_1_1' title="bbox 215 172 1575 225; baseline -0.004 -1"><span class='ocrx_word' id='word_1_1' title='bbox 215 172 281 225; x_wconf 81' lang='lat'>34</span> <span class='ocrx_word' id='word_1_2' title='bbox 580 175 760 218; x_wconf 79' lang='lat' dir='ltr'>URBIS</span> <span class='ocrx_word' id='word_1_3' title='bbox 801 175 1014 218; x_wconf 81' lang='lat' dir='ltr'><strong>ROMAE</strong></span> <span class='ocrx_word' id='word_1_4' title='bbox 1056 177 1189 218; x_wconf 74' lang='lat' dir='ltr'>vim</span> <span class='ocrx_word' id='word_1_5' title='bbox 1230 177 1575 220; x_wconf 81' lang='lat' dir='ltr'>INLUSTRES.</span> 
     </span>
    </p>
   </div>
   <div class='ocr_carea' id='block_1_2' title="bbox 208 325 1868 1524">
    <p class='ocr_par' dir='ltr' id='par_1_2' title="bbox 208 325 1868 1524">
     <span class='ocr_line' id='line_1_2' title="bbox 284 325 1867 388; baseline 0.001 -14"><span class='ocrx_word' id='word_1_6' title='bbox 284 326 443 374; x_wconf 89' lang='lat' dir='ltr'>fieret.</span> <span class='ocrx_word' id='word_1_7' title='bbox 517 326 692 373; x_wconf 85' lang='lat' dir='ltr'>Motus</span> <span class='ocrx_word' id='word_1_8' title='bbox 719 330 798 374; x_wconf 89' lang='lat' dir='ltr'>est</span> <span class='ocrx_word' id='word_1_9' title='bbox 828 333 960 373; x_wconf 86' lang='lat' dir='ltr'>novo</span> <span class='ocrx_word' id='word_1_10' title='bbox 997 325 1324 374; x_wconf 77' lang='lat' dir='ltr'>crudelitatis</span> <span class='ocrx_word' id='word_1_11' title='bbox 1365 342 1549 388; x_wconf 86' lang='lat' dir='ltr'>genere</span> <span class='ocrx_word' id='word_1_12' title='bbox 1590 327 1779 376; x_wconf 89' lang='lat' dir='ltr'>Caesar</span> <span class='ocrx_word' id='word_1_13' title='bbox 1815 332 1867 376; x_wconf 93' lang='lat' dir='ltr'>et</span> 
     </span>
     <span class='ocr_line' id='line_1_3' title="bbox 281 406 1866 470; baseline 0.002 -16"><span class='ocrx_word' id='word_1_14' title='bbox 281 407 431 454; x_wconf 87' lang='lat' dir='ltr'>illum</span> <span class='ocrx_word' id='word_1_15' title='bbox 458 407 666 469; x_wconf 87' lang='lat' dir='ltr'>quidem</span> <span class='ocrx_word' id='word_1_16' title='bbox 692 406 848 467; x_wconf 87' lang='lat' dir='ltr'>mitti,</span> <span class='ocrx_word' id='word_1_17' title='bbox 877 406 1186 470; x_wconf 86' lang='lat' dir='ltr'>crystallina</span> <span class='ocrx_word' id='word_1_18' title='bbox 1210 411 1382 455; x_wconf 90' lang='lat' dir='ltr'>autem</span> <span class='ocrx_word' id='word_1_19' title='bbox 1420 407 1592 456; x_wconf 89' lang='lat' dir='ltr'>omnia</span> <span class='ocrx_word' id='word_1_20' title='bbox 1615 416 1786 457; x_wconf 84' lang='lat' dir='ltr'>coram</span> <span class='ocrx_word' id='word_1_21' title='bbox 1813 417 1866 457; x_wconf 88' lang='lat' dir='ltr'>se</span> 
     </span>
     <span class='ocr_line' id='line_1_4' title="bbox 281 487 1302 550; baseline 0.002 -16"><span class='ocrx_word' id='word_1_22' title='bbox 281 489 456 549; x_wconf 79' lang='lat' dir='ltr'>frangi</span> <span class='ocrx_word' id='word_1_23' title='bbox 480 487 635 536; x_wconf 80' lang='lat' dir='ltr'>iussit</span> <span class='ocrx_word' id='word_1_24' title='bbox 659 487 1009 550; x_wconf 84' lang='lat' dir='ltr'>complerique</span> <span class='ocrx_word' id='word_1_25' title='bbox 1035 488 1302 550; x_wconf 89' lang='lat' dir='ltr'>piscinam.</span> 
     </span>
     <span class='ocr_line' id='line_1_5' title="bbox 347 568 1865 633; baseline 0.002 -17"><span class='ocrx_word' id='word_1_26' title='bbox 347 569 619 631; x_wconf 84' lang='lat' dir='ltr'>Augustus</span> <span class='ocrx_word' id='word_1_27' title='bbox 640 568 694 615; x_wconf 88' lang='lat' dir='ltr'>in</span> <span class='ocrx_word' id='word_1_28' title='bbox 714 569 937 631; x_wconf 86' lang='lat' dir='ltr'>quadam</span> <span class='ocrx_word' id='word_1_29' title='bbox 959 568 1087 617; x_wconf 80' lang='lat' dir='ltr'>villa</span> <span class='ocrx_word' id='word_1_30' title='bbox 1106 574 1380 630; x_wconf 83' lang='lat' dir='ltr'>aegretans</span> <span class='ocrx_word' id='word_1_31' title='bbox 1406 575 1582 618; x_wconf 90' lang='lat' dir='ltr'>noctes</span> <span class='ocrx_word' id='word_1_32' title='bbox 1604 570 1865 633; x_wconf 87' lang='lat' dir='ltr'>inquietas</span> 
     </span>
     <span class='ocr_line' id='line_1_6' title="bbox 231 650 1863 713; baseline -0.001 -14"><span class='ocrx_word' id='word_1_33' title='bbox 231 664 253 698; x_wconf 90' lang='lat'>5</span> <span class='ocrx_word' id='word_1_34' title='bbox 281 651 480 713; x_wconf 82' lang='lat' dir='ltr'>agebat,</span> <span class='ocrx_word' id='word_1_35' title='bbox 508 654 779 712; x_wconf 92' lang='lat' dir='ltr'>rumpente</span> <span class='ocrx_word' id='word_1_36' title='bbox 807 665 1041 696; x_wconf 86' lang='lat' dir='ltr'>somnum</span> <span class='ocrx_word' id='word_1_37' title='bbox 1080 650 1189 698; x_wconf 89' lang='lat' dir='ltr'>eius</span> <span class='ocrx_word' id='word_1_38' title='bbox 1226 651 1404 698; x_wconf 81' lang='lat' dir='ltr'>crebre</span> <span class='ocrx_word' id='word_1_39' title='bbox 1440 655 1657 699; x_wconf 89' lang='lat' dir='ltr'>noctuae</span> <span class='ocrx_word' id='word_1_40' title='bbox 1694 656 1863 699; x_wconf 77' lang='lat' dir='ltr'>cantu.</span> 
     </span>
     <span class='ocr_line' id='line_1_7' title="bbox 281 730 1868 794; baseline 0.001 -16"><span class='ocrx_word' id='word_1_41' title='bbox 281 732 392 788; x_wconf 77' lang='lat' dir='ltr'>Qua</span> <span class='ocrx_word' id='word_1_42' title='bbox 427 730 667 779; x_wconf 88' lang='lat' dir='ltr'>molestia</span> <span class='ocrx_word' id='word_1_43' title='bbox 705 746 821 778; x_wconf 87' lang='lat' dir='ltr'>cum</span> <span class='ocrx_word' id='word_1_44' title='bbox 864 730 1076 778; x_wconf 83' lang='lat' dir='ltr'>liberari</span> <span class='ocrx_word' id='word_1_45' title='bbox 1115 738 1167 778; x_wconf 89' lang='lat' dir='ltr'>se</span> <span class='ocrx_word' id='word_1_46' title='bbox 1207 731 1542 779; x_wconf 70' lang='lat' dir='ltr'>vehementer</span> <span class='ocrx_word' id='word_1_47' title='bbox 1581 747 1766 794; x_wconf 86' lang='lat' dir='ltr'>cupere</span> <span class='ocrx_word' id='word_1_48' title='bbox 1807 740 1868 779; x_wconf 87' lang='lat' dir='ltr'>si-</span> 
     </span>
     <span class='ocr_line' id='line_1_8' title="bbox 281 811 1866 875; baseline 0.001 -17"><span class='ocrx_word' id='word_1_49' title='bbox 281 811 593 873; x_wconf 85' lang='lat' dir='ltr'>gnificasset,</span> <span class='ocrx_word' id='word_1_50' title='bbox 634 811 782 860; x_wconf 86' lang='lat' dir='ltr'>miles</span> <span class='ocrx_word' id='word_1_51' title='bbox 834 812 1060 874; x_wconf 89' lang='lat' dir='ltr'>quidam,</span> <span class='ocrx_word' id='word_1_52' title='bbox 1110 812 1318 874; x_wconf 88' lang='lat' dir='ltr'>aucupii</span> <span class='ocrx_word' id='word_1_53' title='bbox 1366 817 1581 875; x_wconf 88' lang='lat' dir='ltr'>peritus,</span> <span class='ocrx_word' id='word_1_54' title='bbox 1625 817 1866 861; x_wconf 88' lang='lat' dir='ltr'>noctuam</span> 
     </span>
     <span class='ocr_line' id='line_1_9' title="bbox 281 892 1866 956; baseline 0.001 -16"><span class='ocrx_word' id='word_1_55' title='bbox 281 893 701 956; x_wconf 77' lang='lat' dir='ltr'>prehendendam</span> <span class='ocrx_word' id='word_1_56' title='bbox 740 892 955 952; x_wconf 74' lang='lat' dir='ltr'>curavit,</span> <span class='ocrx_word' id='word_1_57' title='bbox 981 900 1259 955; x_wconf 78' lang='lat' dir='ltr'>vivamque</span> <span class='ocrx_word' id='word_1_58' title='bbox 1296 893 1534 954; x_wconf 83' lang='lat' dir='ltr'>Auguste</span> <span class='ocrx_word' id='word_1_59' title='bbox 1570 893 1750 941; x_wconf 81' lang='lat' dir='ltr'>attulit</span> <span class='ocrx_word' id='word_1_60' title='bbox 1777 901 1866 956; x_wconf 86' lang='lat' dir='ltr'>spe</span> 
     </span>
     <span class='ocr_line' id='line_1_10' title="bbox 281 973 1866 1036; baseline 0.001 -15"><span class='ocrx_word' id='word_1_61' title='bbox 281 974 508 1036; x_wconf 83' lang='lat' dir='ltr'>ingentis</span> <span class='ocrx_word' id='word_1_62' title='bbox 542 974 773 1036; x_wconf 88' lang='lat' dir='ltr'>praemii.</span> <span class='ocrx_word' id='word_1_63' title='bbox 849 973 943 1021; x_wconf 83' lang='lat' dir='ltr'>Cui</span> <span class='ocrx_word' id='word_1_64' title='bbox 981 989 1094 1021; x_wconf 89' lang='lat' dir='ltr'>cum</span> <span class='ocrx_word' id='word_1_65' title='bbox 1136 973 1406 1035; x_wconf 80' lang='lat' dir='ltr'>Augustus</span> <span class='ocrx_word' id='word_1_66' title='bbox 1446 974 1590 1022; x_wconf 84' lang='lat' dir='ltr'>mille</span> <span class='ocrx_word' id='word_1_67' title='bbox 1628 983 1866 1023; x_wconf 82' lang='lat' dir='ltr'>nummes</span> 
     </span>
     <span class='ocr_line' id='line_1_11' title="bbox 209 1055 1866 1118; baseline 0.002 -17"><span class='ocrx_word' id='word_1_68' title='bbox 209 1066 254 1101; x_wconf 92' lang='lat'>10</span> <span class='ocrx_word' id='word_1_69' title='bbox 282 1056 395 1103; x_wconf 88' lang='lat' dir='ltr'>dari</span> <span class='ocrx_word' id='word_1_70' title='bbox 420 1055 672 1115; x_wconf 80' lang='lat' dir='ltr'>iussisset,</span> <span class='ocrx_word' id='word_1_71' title='bbox 694 1055 783 1102; x_wconf 87' lang='lat' dir='ltr'>ille</span> <span class='ocrx_word' id='word_1_72' title='bbox 810 1055 982 1103; x_wconf 85' lang='lat' dir='ltr'>minus</span> <span class='ocrx_word' id='word_1_73' title='bbox 1009 1055 1223 1116; x_wconf 83' lang='lat' dir='ltr'>dignum</span> <span class='ocrx_word' id='word_1_74' title='bbox 1249 1055 1536 1118; x_wconf 88' lang='lat' dir='ltr'>praemium</span> <span class='ocrx_word' id='word_1_75' title='bbox 1562 1055 1866 1104; x_wconf 80' lang='lat' dir='ltr'>existimans</span> 
     </span>
     <span class='ocr_line' id='line_1_12' title="bbox 282 1136 1863 1197; baseline -0.001 -13"><span class='ocrx_word' id='word_1_76' title='bbox 282 1137 451 1184; x_wconf 88' lang='lat' dir='ltr'>dicere</span> <span class='ocrx_word' id='word_1_77' title='bbox 489 1152 644 1184; x_wconf 90' lang='lat' dir='ltr'>ausus</span> <span class='ocrx_word' id='word_1_78' title='bbox 682 1141 774 1197; x_wconf 88' lang='lat' dir='ltr'>est,</span> <span class='ocrx_word' id='word_1_79' title='bbox 816 1136 1003 1184; x_wconf 77' lang='lat' dir='ltr'>“Male</span> <span class='ocrx_word' id='word_1_80' title='bbox 1039 1141 1098 1183; x_wconf 89' lang='lat' dir='ltr'>ut</span> <span class='ocrx_word' id='word_1_81' title='bbox 1135 1137 1327 1196; x_wconf 72' lang='lat' dir='ltr'>vivat,’&#39;</span> <span class='ocrx_word' id='word_1_82' title='bbox 1366 1142 1418 1184; x_wconf 90' lang='lat' dir='ltr'>et</span> <span class='ocrx_word' id='word_1_83' title='bbox 1460 1153 1606 1186; x_wconf 76' lang='lat' dir='ltr'>avem</span> <span class='ocrx_word' id='word_1_84' title='bbox 1650 1137 1863 1186; x_wconf 81' lang='lat' dir='ltr'>dimisit.</span> 
     </span>
     <span class='ocr_line' id='line_1_13' title="bbox 281 1217 1867 1281; baseline 0 -16"><span class='ocrx_word' id='word_1_85' title='bbox 281 1219 591 1281; x_wconf 86' lang='lat' dir='ltr'>Imperatori</span> <span class='ocrx_word' id='word_1_86' title='bbox 639 1232 732 1264; x_wconf 91' lang='lat' dir='ltr'>nec</span> <span class='ocrx_word' id='word_1_87' title='bbox 775 1218 841 1265; x_wconf 89' lang='lat' dir='ltr'>ad</span> <span class='ocrx_word' id='word_1_88' title='bbox 889 1217 1213 1265; x_wconf 87' lang='lat' dir='ltr'>irascendum</span> <span class='ocrx_word' id='word_1_89' title='bbox 1252 1233 1407 1266; x_wconf 87' lang='lat' dir='ltr'>causa</span> <span class='ocrx_word' id='word_1_90' title='bbox 1455 1218 1632 1265; x_wconf 91' lang='lat' dir='ltr'>deerat</span> <span class='ocrx_word' id='word_1_91' title='bbox 1671 1233 1764 1265; x_wconf 92' lang='lat' dir='ltr'>nec</span> <span class='ocrx_word' id='word_1_92' title='bbox 1802 1218 1867 1266; x_wconf 89' lang='lat' dir='ltr'>ad</span> 
     </span>
     <span class='ocr_line' id='line_1_14' title="bbox 280 1298 1866 1362; baseline 0.001 -16"><span class='ocrx_word' id='word_1_93' title='bbox 280 1299 635 1347; x_wconf 86' lang='lat' dir='ltr'>ulciscendum</span> <span class='ocrx_word' id='word_1_94' title='bbox 683 1302 945 1361; x_wconf 70' lang='lat' dir='ltr'>potestas,</span> <span class='ocrx_word' id='word_1_95' title='bbox 1006 1298 1138 1346; x_wconf 85' lang='lat' dir='ltr'>hanc</span> <span class='ocrx_word' id='word_1_96' title='bbox 1187 1303 1363 1346; x_wconf 88' lang='lat' dir='ltr'>tamen</span> <span class='ocrx_word' id='word_1_97' title='bbox 1409 1299 1654 1346; x_wconf 80' lang='lat' dir='ltr'>iniuriam</span> <span class='ocrx_word' id='word_1_98' title='bbox 1703 1307 1866 1362; x_wconf 84' lang='lat' dir='ltr'>aeque</span> 
     </span>
     <span class='ocr_line' id='line_1_15' title="bbox 281 1379 1866 1443; baseline 0.001 -16"><span class='ocrx_word' id='word_1_99' title='bbox 281 1381 453 1428; x_wconf 82' lang='lat' dir='ltr'>anime</span> <span class='ocrx_word' id='word_1_100' title='bbox 490 1380 615 1428; x_wconf 79' lang='lat' dir='ltr'>tulit</span> <span class='ocrx_word' id='word_1_101' title='bbox 656 1380 927 1441; x_wconf 84' lang='lat' dir='ltr'>Augustus</span> <span class='ocrx_word' id='word_1_102' title='bbox 963 1379 1330 1442; x_wconf 83' lang='lat' dir='ltr'>hominemque</span> <span class='ocrx_word' id='word_1_103' title='bbox 1369 1379 1687 1443; x_wconf 73' lang='lat' dir='ltr'>impunitum</span> <span class='ocrx_word' id='word_1_104' title='bbox 1726 1380 1866 1428; x_wconf 85' lang='lat' dir='ltr'>abire</span> 
     </span>
     <span class='ocr_line' id='line_1_16' title="bbox 208 1467 581 1524; baseline 0.008 -19"><span class='ocrx_word' id='word_1_105' title='bbox 208 1471 252 1505; x_wconf 84' lang='lat'>15</span> <span class='ocrx_word' id='word_1_106' title='bbox 279 1477 462 1524; x_wconf 85' lang='lat' dir='ltr'>passus</span> <span class='ocrx_word' id='word_1_107' title='bbox 489 1467 581 1509; x_wconf 89' lang='lat' dir='ltr'>est.</span> 
     </span>
    </p>
   </div>
   <div class='ocr_carea' id='block_1_3' title="bbox 700 1630 1460 1682">
    <p class='ocr_par' dir='ltr' id='par_1_3' title="bbox 700 1630 1460 1682">
     <span class='ocr_line' id='line_1_17' title="bbox 700 1630 1460 1682; baseline 0 -13"><span class='ocrx_word' id='word_1_108' title='bbox 700 1631 785 1670; x_wconf 77' lang='lat' dir='ltr'>The</span> <span class='ocrx_word' id='word_1_109' title='bbox 818 1631 1112 1680; x_wconf 69' lang='lat' dir='ltr'>Friendslze&#39;ps</span> <span class='ocrx_word' id='word_1_110' title='bbox 1143 1631 1194 1681; x_wconf 82' lang='lat' dir='ltr'>of</span> <span class='ocrx_word' id='word_1_111' title='bbox 1217 1630 1460 1682; x_wconf 71' lang='lat' dir='ltr'>Auquscus.</span> 
     </span>
    </p>
   </div>
   <div class='ocr_carea' id='block_1_4' title="bbox 202 1747 1878 2765">
    <p class='ocr_par' dir='ltr' id='par_1_4' title="bbox 280 1747 1869 2055">
     <span class='ocr_line' id='line_1_18' title="bbox 347 1747 1868 1811; baseline 0 -16"><span class='ocrx_word' id='word_1_112' title='bbox 347 1747 618 1811; x_wconf 83' lang='lat' dir='ltr'>Augustus</span> <span class='ocrx_word' id='word_1_113' title='bbox 667 1748 924 1796; x_wconf 86' lang='lat' dir='ltr'>amicitias</span> <span class='ocrx_word' id='word_1_114' title='bbox 978 1764 1144 1811; x_wconf 86' lang='lat' dir='ltr'>neque</span> <span class='ocrx_word' id='word_1_115' title='bbox 1193 1748 1349 1796; x_wconf 81' lang='lat' dir='ltr'>facile</span> <span class='ocrx_word' id='word_1_116' title='bbox 1397 1748 1610 1796; x_wconf 80' lang='lat' dir='ltr'>admisit</span> <span class='ocrx_word' id='word_1_117' title='bbox 1656 1752 1708 1796; x_wconf 89' lang='lat' dir='ltr'>et</span> <span class='ocrx_word' id='word_1_118' title='bbox 1754 1756 1868 1797; x_wconf 81' lang='lat' dir='ltr'>cen—</span> 
     </span>
     <span class='ocr_line' id='line_1_19' title="bbox 280 1829 1866 1892; baseline -0.001 -15"><span class='ocrx_word' id='word_1_119' title='bbox 280 1829 601 1878; x_wconf 85' lang='lat' dir='ltr'>stantissime</span> <span class='ocrx_word' id='word_1_120' title='bbox 660 1829 890 1876; x_wconf 80' lang='lat' dir='ltr'>retinuit.</span> <span class='ocrx_word' id='word_1_121' title='bbox 988 1830 1255 1892; x_wconf 81' lang='lat' dir='ltr'>Imprimis</span> <span class='ocrx_word' id='word_1_122' title='bbox 1312 1829 1626 1877; x_wconf 76' lang='lat' dir='ltr'>familiarem</span> <span class='ocrx_word' id='word_1_123' title='bbox 1682 1829 1866 1877; x_wconf 89' lang='lat' dir='ltr'>habuit</span> 
     </span>
     <span class='ocr_line' id='line_1_20' title="bbox 280 1910 1866 1973; baseline -0.001 -14"><span class='ocrx_word' id='word_1_124' title='bbox 280 1912 650 1971; x_wconf 87' lang='lat' dir='ltr'>Maecenatem,</span> <span class='ocrx_word' id='word_1_125' title='bbox 694 1910 924 1972; x_wconf 86' lang='lat' dir='ltr'>equitem</span> <span class='ocrx_word' id='word_1_126' title='bbox 973 1911 1290 1971; x_wconf 82' lang='lat' dir='ltr'>Remanum3</span> <span class='ocrx_word' id='word_1_127' title='bbox 1341 1919 1431 1973; x_wconf 87' lang='lat' dir='ltr'>qui</span> <span class='ocrx_word' id='word_1_128' title='bbox 1473 1918 1533 1958; x_wconf 90' lang='lat' dir='ltr'>ea</span> <span class='ocrx_word' id='word_1_129' title='bbox 1579 1918 1681 1973; x_wconf 88' lang='lat' dir='ltr'>qua</span> <span class='ocrx_word' id='word_1_130' title='bbox 1728 1911 1866 1973; x_wconf 85' lang='lat' dir='ltr'>apud</span> 
     </span>
     <span class='ocr_line' id='line_1_21' title="bbox 280 1989 1869 2055; baseline 0.004 -20"><span class='ocrx_word' id='word_1_131' title='bbox 280 1989 569 2052; x_wconf 88' lang='lat' dir='ltr'>principem</span> <span class='ocrx_word' id='word_1_132' title='bbox 594 1989 801 2037; x_wconf 85' lang='lat' dir='ltr'>valebat</span> <span class='ocrx_word' id='word_1_133' title='bbox 833 1991 1000 2051; x_wconf 87' lang='lat' dir='ltr'>gratia</span> <span class='ocrx_word' id='word_1_134' title='bbox 1027 1991 1101 2038; x_wconf 89' lang='lat' dir='ltr'>ita</span> <span class='ocrx_word' id='word_1_135' title='bbox 1136 2008 1336 2054; x_wconf 86' lang='lat' dir='ltr'>semper</span> <span class='ocrx_word' id='word_1_136' title='bbox 1366 2001 1490 2040; x_wconf 77' lang='lat' dir='ltr'>usus</span> <span class='ocrx_word' id='word_1_137' title='bbox 1519 1998 1598 2040; x_wconf 90' lang='lat' dir='ltr'>est</span> <span class='ocrx_word' id='word_1_138' title='bbox 1628 1998 1686 2040; x_wconf 86' lang='lat' dir='ltr'>ut</span> <span class='ocrx_word' id='word_1_139' title='bbox 1720 1994 1869 2055; x_wconf 82' lang='lat' dir='ltr'>pred-</span> 
     </span>
    </p>

    <p class='ocr_par' dir='ltr' id='par_1_5' title="bbox 204 2070 1866 2458">
     <span class='ocr_line' id='line_1_22' title="bbox 204 2070 1866 2133; baseline 0.002 -15"><span class='ocrx_word' id='word_1_140' title='bbox 204 2083 252 2118; x_wconf 82' lang='lat'>20</span> <span class='ocrx_word' id='word_1_141' title='bbox 279 2074 416 2117; x_wconf 89' lang='lat' dir='ltr'>esset</span> <span class='ocrx_word' id='word_1_142' title='bbox 464 2070 703 2117; x_wconf 87' lang='lat' dir='ltr'>omnibus</span> <span class='ocrx_word' id='word_1_143' title='bbox 753 2071 940 2133; x_wconf 86' lang='lat' dir='ltr'>quibus</span> <span class='ocrx_word' id='word_1_144' title='bbox 990 2077 1180 2133; x_wconf 86' lang='lat' dir='ltr'>posset,</span> <span class='ocrx_word' id='word_1_145' title='bbox 1225 2078 1432 2119; x_wconf 76' lang='lat' dir='ltr'>noceret</span> <span class='ocrx_word' id='word_1_146' title='bbox 1479 2073 1688 2120; x_wconf 90' lang='lat' dir='ltr'>nemini.</span> <span class='ocrx_word' id='word_1_147' title='bbox 1776 2074 1866 2121; x_wconf 79' lang='lat' dir='ltr'>Ius</span> 
     </span>
     <span class='ocr_line' id='line_1_23' title="bbox 279 2149 1866 2216; baseline 0.004 -20"><span class='ocrx_word' id='word_1_148' title='bbox 279 2149 558 2212; x_wconf 80' lang='lat' dir='ltr'>aliquande</span> <span class='ocrx_word' id='word_1_149' title='bbox 595 2150 801 2198; x_wconf 85' lang='lat' dir='ltr'>dicebat</span> <span class='ocrx_word' id='word_1_150' title='bbox 831 2150 1101 2213; x_wconf 83' lang='lat' dir='ltr'>Augustus</span> <span class='ocrx_word' id='word_1_151' title='bbox 1136 2157 1187 2199; x_wconf 91' lang='lat' dir='ltr'>et</span> <span class='ocrx_word' id='word_1_152' title='bbox 1223 2152 1415 2201; x_wconf 84' lang='lat' dir='ltr'>multes</span> <span class='ocrx_word' id='word_1_153' title='bbox 1454 2153 1623 2216; x_wconf 88' lang='lat' dir='ltr'>capite</span> <span class='ocrx_word' id='word_1_154' title='bbox 1660 2154 1866 2202; x_wconf 87' lang='lat' dir='ltr'>damna-</span> 
     </span>
     <span class='ocr_line' id='line_1_24' title="bbox 277 2230 1865 2297; baseline 0.003 -20"><span class='ocrx_word' id='word_1_155' title='bbox 277 2235 427 2278; x_wconf 78' lang='lat' dir='ltr'>turus</span> <span class='ocrx_word' id='word_1_156' title='bbox 452 2230 738 2279; x_wconf 86' lang='lat' dir='ltr'>videbatur.</span> <span class='ocrx_word' id='word_1_157' title='bbox 813 2232 1012 2280; x_wconf 88' lang='lat' dir='ltr'>Aderat</span> <span class='ocrx_word' id='word_1_158' title='bbox 1048 2237 1159 2280; x_wconf 88' lang='lat' dir='ltr'>tum</span> <span class='ocrx_word' id='word_1_159' title='bbox 1199 2234 1488 2294; x_wconf 81' lang='lat' dir='ltr'>Maecenas,</span> <span class='ocrx_word' id='word_1_160' title='bbox 1517 2242 1608 2297; x_wconf 86' lang='lat' dir='ltr'>qui</span> <span class='ocrx_word' id='word_1_161' title='bbox 1646 2250 1738 2297; x_wconf 87' lang='lat' dir='ltr'>per</span> <span class='ocrx_word' id='word_1_162' title='bbox 1774 2235 1865 2282; x_wconf 89' lang='lat' dir='ltr'>cir-</span> 
     </span>
     <span class='ocr_line' id='line_1_25' title="bbox 277 2311 1863 2378; baseline 0.003 -19"><span class='ocrx_word' id='word_1_163' title='bbox 277 2311 649 2360; x_wconf 85' lang='lat' dir='ltr'>cumstantium</span> <span class='ocrx_word' id='word_1_164' title='bbox 669 2313 873 2361; x_wconf 88' lang='lat' dir='ltr'>turbam</span> <span class='ocrx_word' id='word_1_165' title='bbox 893 2329 1224 2376; x_wconf 86' lang='lat' dir='ltr'>perrumpere</span> <span class='ocrx_word' id='word_1_166' title='bbox 1246 2319 1296 2362; x_wconf 91' lang='lat' dir='ltr'>et</span> <span class='ocrx_word' id='word_1_167' title='bbox 1316 2315 1380 2362; x_wconf 92' lang='lat' dir='ltr'>ad</span> <span class='ocrx_word' id='word_1_168' title='bbox 1400 2315 1630 2363; x_wconf 74' lang='lat' dir='ltr'>tribuna]</span> <span class='ocrx_word' id='word_1_169' title='bbox 1650 2315 1863 2378; x_wconf 89' lang='lat' dir='ltr'>propius</span> 
     </span>
     <span class='ocr_line' id='line_1_26' title="bbox 276 2392 1861 2458; baseline 0.003 -18"><span class='ocrx_word' id='word_1_170' title='bbox 276 2392 517 2440; x_wconf 81' lang='lat' dir='ltr'>accedere</span> <span class='ocrx_word' id='word_1_171' title='bbox 566 2394 860 2441; x_wconf 81' lang='lat' dir='ltr'>conabatur.</span> <span class='ocrx_word' id='word_1_172' title='bbox 935 2394 1082 2451; x_wconf 82' lang='lat' dir='ltr'>Quod</span> <span class='ocrx_word' id='word_1_173' title='bbox 1131 2410 1246 2442; x_wconf 88' lang='lat' dir='ltr'>cum</span> <span class='ocrx_word' id='word_1_174' title='bbox 1295 2396 1493 2443; x_wconf 81' lang='lat' dir='ltr'>frustra</span> <span class='ocrx_word' id='word_1_175' title='bbox 1538 2400 1861 2458; x_wconf 80' lang='lat' dir='ltr'>temptasset,</span> 
     </span>
    </p>

    <p class='ocr_par' dir='ltr' id='par_1_6' title="bbox 202 2472 1878 2765">
     <span class='ocr_line' id='line_1_27' title="bbox 202 2472 1862 2538; baseline 0.002 -18"><span class='ocrx_word' id='word_1_176' title='bbox 202 2481 248 2516; x_wconf 75' lang='lat'>25</span> <span class='ocrx_word' id='word_1_177' title='bbox 275 2472 402 2521; x_wconf 86' lang='lat' dir='ltr'>haec</span> <span class='ocrx_word' id='word_1_178' title='bbox 438 2474 595 2522; x_wconf 74' lang='lat' dir='ltr'>verba</span> <span class='ocrx_word' id='word_1_179' title='bbox 630 2474 685 2521; x_wconf 90' lang='lat' dir='ltr'>in</span> <span class='ocrx_word' id='word_1_180' title='bbox 721 2474 917 2522; x_wconf 80' lang='lat' dir='ltr'>tabella</span> <span class='ocrx_word' id='word_1_181' title='bbox 950 2475 1174 2538; x_wconf 81' lang='lat' dir='ltr'>scripsit,</span> <span class='ocrx_word' id='word_1_182' title='bbox 1204 2476 1410 2538; x_wconf 79' lang='lat' dir='ltr'>“Surge</span> <span class='ocrx_word' id='word_1_183' title='bbox 1438 2477 1661 2536; x_wconf 84' lang='lat' dir='ltr'>tandem,</span> <span class='ocrx_word' id='word_1_184' title='bbox 1703 2477 1862 2524; x_wconf 90' lang='lat' dir='ltr'>carni-</span> 
     </span>
     <span class='ocr_line' id='line_1_28' title="bbox 275 2554 1878 2619; baseline 0.002 -19"><span class='ocrx_word' id='word_1_185' title='bbox 275 2554 440 2602; x_wconf 75' lang='lat' dir='ltr'>fex1⁷&#39;</span> <span class='ocrx_word' id='word_1_186' title='bbox 468 2570 683 2618; x_wconf 86' lang='lat' dir='ltr'>eamque</span> <span class='ocrx_word' id='word_1_187' title='bbox 721 2556 969 2604; x_wconf 80' lang='lat' dir='ltr'>tabellam</span> <span class='ocrx_word' id='word_1_188' title='bbox 1008 2557 1073 2604; x_wconf 90' lang='lat' dir='ltr'>ad</span> <span class='ocrx_word' id='word_1_189' title='bbox 1112 2556 1407 2617; x_wconf 81' lang='lat' dir='ltr'>Augustum</span> <span class='ocrx_word' id='word_1_190' title='bbox 1446 2557 1676 2619; x_wconf 87' lang='lat' dir='ltr'>proiecit.</span> <span class='ocrx_word' id='word_1_191' title='bbox 1751 2557 1878 2613; x_wconf 50' lang='lat' dir='ltr'>Qua*</span> 
     </span>
     <span class='ocr_line' id='line_1_29' title="bbox 275 2633 1862 2699; baseline 0.003 -19"><span class='ocrx_word' id='word_1_192' title='bbox 275 2633 410 2683; x_wconf 87' lang='lat' dir='ltr'>lecta</span> <span class='ocrx_word' id='word_1_193' title='bbox 446 2635 490 2683; x_wconf 88' lang='lat' dir='ltr'>is</span> <span class='ocrx_word' id='word_1_194' title='bbox 530 2636 708 2684; x_wconf 89' lang='lat' dir='ltr'>statim</span> <span class='ocrx_word' id='word_1_195' title='bbox 759 2636 986 2684; x_wconf 81' lang='lat' dir='ltr'>surrexit</span> <span class='ocrx_word' id='word_1_196' title='bbox 1033 2652 1201 2699; x_wconf 87' lang='lat' dir='ltr'>neque</span> <span class='ocrx_word' id='word_1_197' title='bbox 1249 2637 1525 2699; x_wconf 86' lang='lat' dir='ltr'>quisquam</span> <span class='ocrx_word' id='word_1_198' title='bbox 1574 2642 1652 2685; x_wconf 87' lang='lat' dir='ltr'>est</span> <span class='ocrx_word' id='word_1_199' title='bbox 1699 2642 1862 2685; x_wconf 91' lang='lat' dir='ltr'>morte</span> 
     </span>
     <span class='ocr_line' id='line_1_30' title="bbox 276 2715 542 2765; baseline 0.011 -5"><span class='ocrx_word' id='word_1_200' title='bbox 276 2715 542 2765; x_wconf 87' lang='lat' dir='ltr'>multatus.</span> 
     </span>
    </p>
   </div>
  </div>
 </body>
</html>
