2035 3191
264 214 331 267 32
636 222 817 261 URBIS
858 221 1071 260 ROMAE
1118 221 1245 259 Vlltl
1288 220 1632 261 INLUSTRE&

335 368 474 433 cepit
516 376 677 432 eoque
718 368 894 416 statim
932 368 1163 416 reddito:
1218 372 1245 395 “
1262 368 1366 416 Hic
1404 367 1529 428 vir,⁷’
1569 367 1754 430 inquit,
1796 367 1925 416 “fili

336 458 422 511 mi,
451 450 632 498 doctus
659 449 763 497 fuit
788 454 840 497 et
866 449 1063 512 patriae
1091 450 1318 497 ainans.²⁷

402 530 631 579 Pedibus
659 545 809 593 saepe
835 545 926 593 per
944 530 1124 578 urbem
1150 530 1422 578 incedebat
1449 537 1748 593 summaque
1775 529 1925 578 cemi-

336 616 442 660 tate
496 612 747 659 adeuntes
791 611 1096 674 excipiebat.
1172 610 1429 660 Convenit
1479 610 1760 673 aliquande
1807 626 1924 658 eum

287 707 309 742 5
336 697 614 741 veteranus
662 692 828 752 miles,
874 700 965 755 qui
1011 696 1223 740 vocatus
1267 692 1324 739 in
1383 691 1464 740 ius
1516 691 1922 754 periclitabatur,

337 773 655 837 rogavitque,
682 778 741 821 ut
780 773 879 822 sibi
916 773 1148 833 adesset3
1189 772 1366 821 statim
1405 772 1673 833 Augustus
1704 780 1864 819 unum
1899 780 1925 819 e

336 854 589 903 comitatu
628 862 719 903 sue
762 853 919 916 elegit
959 854 1282 915 advocatum,
1311 861 1401 916 qui
1439 853 1755 914 litigatorem
1796 868 1925 900 com-

336 936 618 984 mendaret.
692 937 825 983 Tum
862 940 1139 984 veteranus
1178 934 1503 994 exclamavit,
1534 939 1561 962 ⁶⁴
1582 934 1654 982 At
1679 941 1782 982 nen
1816 949 1923 994 ego,

336 1021 387 1064 te
426 1016 755 1080 periclitante
792 1016 930 1065 bello
967 1016 1199 1076 Actiace,
1245 1015 1497 1063 vicarium
1540 1023 1790 1078 quaesivi,
1836 1015 1925 1062 sed

265 1110 311 1145 10
336 1098 446 1160 ipse
495 1106 587 1161 pro
635 1102 686 1145 te
734 1098 1012 1160 pugnavi,”
1069 1097 1327 1160 simulque
1386 1096 1586 1144 detexit
1644 1096 1920 1144 cicatrices.

334 1169 559 1227 Erubuit
586 1179 856 1239 Augustus
884 1183 1039 1241 atque
1060 1179 1171 1241 ipse
1200 1178 1342 1225 venit
1368 1178 1421 1224 in
1449 1177 1853 1225 advocationem.

546 1397 791 1437 Anecdotes
821 1397 873 1447 of
896 1396 1157 1447 Aemus-cus.-
1197 1397 1265 1435 che
1305 1396 1499 1446 Talk'e'nss
1530 1396 1719 1436 Raram.

404 1509 532 1556 Cum
575 1513 691 1570 post
727 1507 996 1555 Actiacam
1033 1507 1305 1555 victoriam
1345 1507 1661 1555 Octavianus
1703 1507 1923 1555 Romam

336 1593 693 1649 reverteretur,
712 1588 934 1636 occurrit
953 1596 1001 1636 ei
1018 1588 1153 1635 inter
1173 1588 1496 1649 gratulantes
1517 1586 1695 1649 opifex
1713 1587 1924 1650 quidam

335 1685 546 1717 corvum
583 1675 780 1731 tenens,
820 1685 973 1732 quein
1011 1669 1312 1717 instituerat
1347 1669 1473 1716 haec
1511 1668 1709 1716 dicere:
1752 1668 1921 1730 “Ave,

264 1761 308 1795 15
336 1752 539 1811 Caesar,
560 1751 740 1811 victor,
761 1751 1069 1813 imperator!
1091 1751 1118 1774 ⁷⁹
1180 1751 1404 1798 Miratus
1431 1750 1620 1798 Caesar
1645 1748 1922 1797 officiosam

336 1848 480 1880 aven]
511 1832 700 1893 viginti
724 1831 934 1880 milibus
954 1840 1282 1879 nummorum
1304 1831 1443 1879 emit.
1507 1830 1684 1879 Socius
1706 1830 1921 1893 opificis,

336 1914 400 1960 ad
426 1929 578 1976 quein
598 1913 732 1959 nihil
754 1928 817 1960 ex
836 1912 930 1960 illa
945 1912 1260 1961 liberalitate
1277 1916 1597 1975 pervenerat,
1619 1911 1923 1960 adfirmavit

336 1996 545 2044 Caesari
569 1994 757 2042 habere
783 1994 932 2041 11111111
954 1998 1005 2041 et
1030 1994 1190 2042 alium
1210 2009 1435 2054 corvum,
1457 2008 1610 2056 quem
1635 1998 1694 2040 ut
1718 1993 1922 2040 adferre

335 2080 602 2137 cogeretur
638 2075 853 2136 rogavit.
927 2074 1154 2123 Adlatus
1192 2075 1361 2134 verba,
1389 2090 1519 2137 quae
1546 2074 1813 2134 didicerat,
1842 2090 1923 2121 ex-

260 2167 308 2202 20
335 2157 551 2220 pressit:
615 2156 788 2217 “Ave,
829 2156 1043 2216 Antoni,
1087 2156 1268 2215 victor,
1318 2155 1675 2218 imperatorl⁷⁷
1769 2155 1919 2203 Nihil

336 2242 669 2302 exasperatus
708 2238 897 2286 Caesar
935 2237 1061 2286 satis
1100 2236 1264 2297 duxit,
1292 2237 1467 2284 iubere
1505 2236 1655 2283 illuni
1690 2236 1920 2284 dividere

336 2320 639 2367 donativum
683 2335 797 2367 cum
841 2318 1213 2367 contubernali.
1291 2317 1558 2365 Salutatus
1609 2317 1850 2365 similiter
1891 2325 1921 2365 a

335 2401 556 2463 psittaco
581 2408 683 2448 emi
708 2416 825 2447 eum
851 2400 1017 2448 iussit.

400 2481 715 2544 Exemplum
732 2486 958 2530 sutorem
978 2496 1257 2543 pauperem
1284 2479 1603 2540 sollicitavit,
1625 2484 1683 2526 ut
1709 2494 1918 2527 corvum

260 2574 305 2609 25
334 2563 635 2611 institueret
661 2563 727 2610 ad
752 2577 926 2625 parem
967 2561 1349 2610 salutationem.
1424 2561 1524 2617 Qui
1549 2560 1813 2623 impendi6
1838 2575 1920 2608 ex-

334 2643 552 2692 haustus
579 2659 731 2707 saepe
757 2643 822 2691 ad
848 2658 993 2691 avem
1021 2650 1124 2690 non
1161 2642 1560 2705 respondentem
1598 2642 1767 2689 dicere
1794 2641 1919 2690 sole-

334 2725 448 2772 bat:
490 2724 706 2787 “Opera
742 2730 793 2772 et
829 2724 1065 2787 impensa
1106 2723 1337 2786 periit!⁷'
1409 2722 1710 2786 Aliquando
1746 2727 1919 2771 tamen

333 2820 515 2853 corvus
557 2805 727 2868 coepit
774 2805 944 2852 dicere
988 2804 1180 2852 dictam
1224 2804 1603 2852 salutationem.
1677 2804 1792 2851 Hac
1835 2818 1918 2851 au-

334 2886 457 2947 dita,
499 2885 621 2932 dum
661 2886 864 2946 transit,
904 2886 1174 2947 Augustus
1219 2884 1512 2947 respondit:
1556 2884 1740 2932 “Satis
1778 2884 1918 2931 domi
