2035 3191
551 166 732 206 GAIUs
775 165 977 204 IULIUS
1018 164 1271 203 CAESAR.

125 316 368 364 Rhodum
395 314 631 363 secedere
660 312 861 370 statuit,
889 316 947 358 ut
978 326 1066 373 per
1098 310 1262 358 otium
1294 310 1575 373 Apollonio
1602 312 1709 358 Mo-

45 395 244 459 '⁴7·5⁰·loni,
273 400 396 442 tunc
433 393 721 442 clarissimo
758 392 966 439 dicendi
1002 391 1266 452 magistro,
1299 406 1507 452 operam
1545 391 1705 439 daret.

123 477 242 523 Huc
274 476 395 522 dum
430 474 620 534 traicit,
649 481 678 521 a
711 472 1059 536 praedonibus
1091 476 1272 534 captus
1305 476 1384 519 est
1414 471 1709 535 mansitque

122 557 260 619 apud
297 564 382 604 eos
420 570 577 618 prope
615 553 965 617 quadraginta
1001 553 1126 599 dies.
1199 553 1300 599 Per
1343 567 1492 599 omne
1536 557 1709 600 autem

123 637 255 684 illud
299 636 524 699 spatium
566 635 640 682 ita
681 642 732 682 se
772 633 933 695 gessit
971 638 1030 680 ut
1069 638 1254 695 piratis
1293 632 1487 695 pariter
1525 638 1711 681 terrori

122 717 545 779 venerationique
584 721 732 763 esset.
808 714 1037 763 Comites
1080 713 1290 761 interim
1330 721 1607 776 servosque
1644 714 1711 761 ad

122 798 472 861 expediendas
521 796 767 859 pecunias
827 795 1016 858 quibus
1077 794 1434 853 redimeretur,
1492 794 1706 842 dimisit.

122 879 325 940 Viginti
342 878 541 926 talenta
562 882 760 940 piratae
782 875 1196 938 postulaverant:
1222 875 1311 922 1116
1330 875 1711 937 quinquaginta

123 961 365 1007 datarum
404 967 456 1006 se
505 958 797 1021 spopondit.
885 956 1091 1012 Quibus>
1132 961 1417 1003 numeratis
1466 971 1580 1003 cum
1631 973 1711 1003 ex-

122 1040 320 1103 positus
352 1044 488 1088 esset
522 1039 575 1085 in
610 1038 774 1097 litore,
808 1037 1085 1085 confestim
1123 1036 1380 1095 Miletum,
1418 1052 1548 1098 quae
1588 1037 1710 1084 urbs

121 1121 354 1183 proxime
400 1121 592 1179 aberat,
642 1118 941 1181 properavit
990 1117 1163 1179 ibique
1225 1121 1489 1164 contracta
1547 1117 1710 1165 classe

121 1201 354 1248 invectus
393 1201 447 1247 in
488 1216 603 1247 eum
641 1199 809 1246 locum
849 1198 901 1245 in
940 1206 1041 1260 quo
1079 1197 1181 1260 ipsi
1220 1198 1506 1260 praedones
1546 1203 1707 1257 erant,

120 1286 320 1344 partem
361 1281 542 1329 classis
580 1280 800 1341 fugavit,
841 1284 1039 1342 partem
1079 1278 1275 1338 mersit,
1315 1277 1516 1341 aliquot
1552 1286 1709 1327 naves

121 1362 259 1425 cepit
295 1367 594 1425 piratasque
634 1361 686 1408 in
726 1364 1038 1423 potestatem
1078 1360 1313 1407 redactos
1355 1367 1414 1406 eo
1454 1359 1710 1422 supplicio

121 1444 258 1506 quod
314 1443 421 1490 illis
470 1458 621 1505 saepe
670 1442 898 1489 minatus
946 1441 1082 1488 inter
1131 1440 1299 1488 iocum
1338 1445 1463 1500 erat,
1513 1440 1711 1488 adfecit

122 1532 361 1587 crucique
400 1523 614 1572 suffixit.

566 1727 772 1768 Caesar's
804 1727 1057 1766 Ambz'tiozcs
1091 1726 1247 1775 sz'rz'c.

187 1840 460 1896 Quaestori
485 1837 701 1885 ulterior
727 1836 991 1899 Hispania
1010 1836 1233 1883 obvenit.
1307 1837 1417 1892 Quo
1445 1836 1709 1898 profectus

102 1927 235 1968 ‘cum
264 1920 427 1982 Alpes
465 1923 713 1967 transiret
738 1923 790 1965 et
815 1918 881 1965 ad
906 1922 1239 1979 conspectum
1279 1917 1520 1980 pauperis
1547 1917 1711 1964 cuius-

121 2003 239 2049 dam
267 2008 369 2048 vici
394 2000 606 2047 comites
634 2014 723 2062 per
749 1999 916 2046 iocum
953 1998 1090 2045 inter
1129 2005 1181 2045 se
1221 1997 1549 2060 disputarent
1585 2014 1709 2045 num

122 2082 229 2129 illic
273 2081 428 2128 etiam
472 2085 608 2128 esset
650 2079 924 2127 ambitioni
971 2078 1129 2139 locus,
1174 2078 1307 2126 serio
1353 2078 1486 2125 dixit
1523 2078 1710 2126 Caesar

122 2162 276 2209 malle
317 2171 369 2210 se
412 2161 485 2209 ibi
534 2169 756 2223 primum
798 2176 908 2208 esse
958 2176 1113 2222 quam
1164 2160 1360 2207 Romae
1410 2160 1706 2207 secundum.

122 2242 504 2290 Dominationis
548 2241 730 2288 avidus
769 2249 798 2288 a
835 2249 1002 2303 prima
1051 2245 1220 2288 aetate
1271 2249 1485 2302 regnum
1535 2256 1711 2288 concu-

122 2324 352 2387 piscebat
401 2337 703 2384 semperque
751 2322 807 2368 in
855 2330 939 2369 ore
988 2322 1211 2369 habebat
1270 2322 1363 2370 hos
1423 2321 1708 2384 Euripidis,

124 2405 310 2453 Graeci
337 2409 532 2466 poetae,
561 2412 739 2451 versus
761 2423 768 2450 :

389 2541 503 2580 Nam
526 2545 563 2580 si
583 2541 842 2581 violandum
865 2547 930 2581 est
954 2543 1034 2590 iiis,
1061 2542 1276 2592 regnandi
1299 2541 1442 2592 gratia

388 2609 661 2649 Violandum
684 2615 763 2658 est,
790 2611 888 2650 aliis
911 2611 1042 2649 rebus
1063 2611 1275 2660 pietatem
1298 2609 1429 2650 colas.

193 2757 426 2818 Cumque
452 2756 637 2816 Gades,
665 2757 803 2818 quod
828 2762 907 2804 est
934 2757 1222 2819 Hispaniae
1256 2756 1520 2819 oppidum,
1549 2756 1712 2803 venis-

127 2842 219 2897 set,
247 2836 607 2884 animadversa
633 2838 769 2899 apud
808 2835 1054 2883 Herculis
1093 2835 1347 2898 templum
1386 2842 1560 2895 magni
1598 2833 1715 2879 Ale-

1739 1047 1784 1081 10

1740 1449 1784 1484 15

1738 2765 1786 2799 25
